3625 5217
758 612 823 699 tol

274 792 372 877 viarii
382 792 530 877 Romani
539 792 709 874 Rubricas
720 802 1026 873 SanctisPatrouis
1038 796 1289 895 Principalibus
1301 798 1336 875 et

272 912 532 981 Protectoribus
547 914 755 998 competunt,
768 933 900 977 necnon
915 910 1165 997 praeinsertum
1178 910 1335 978 Officium

272 1019 306 1081 et
319 1013 464 1081 Missam
480 1034 557 1081 oum
573 1019 694 1080 octava
708 1012 943 1101 approbamus
958 1018 992 1078 et
1020 1014 1268 1093 confirmamus,
1285 1020 1335 1079 at—

273 1138 338 1203 que
353 1116 509 1185 eamdem
538 1118 604 1185 Dei
633 1116 844 1183 Genitricem
873 1115 1030 1194 Mariam,
1057 1116 1100 1181 de
1130 1116 1336 1203 Guadalupe

273 1226 512 1307 nuncupatam,
523 1222 573 1288 uti
582 1218 812 1306 Principalem
822 1218 938 1284 Norae
950 1218 1140 1305 Hispaniae
1152 1218 1336 1286 Patronem

272 1329 306 1389 et
331 1323 575 1391 Proteotrioem
601 1322 804 1399 habendam,
828 1320 1063 1401 invocandam,
1094 1328 1129 1389 et
1159 1322 1335 1389 colendam

274 1448 348 1495 esse
363 1428 558 1508 statuimus,
574 1427 798 1509 declaramus,
822 1434 925 1513 atque
941 1425 1108 1511 jubemus.
1154 1426 1338 1495 Praeterea

273 1536 311 1597 nt
330 1533 366 1597 in
381 1538 558 1619 posterum
573 1531 737 1598 solemnis
753 1536 868 1597 tantae
897 1529 1067 1595 Patronae
1084 1552 1123 1595 ac
1145 1528 1338 1595 Proteotri-

273 1636 321 1705 oie
335 1638 501 1705 memoria
515 1636 647 1724 majori,
676 1658 779 1723 quam
795 1640 896 1701 autea
925 1632 1175 1713 celebrabatur,
1207 1634 1338 1721 pietate

273 1763 311 1807 so
338 1741 466 1809 debitis
480 1740 622 1808 laudum
644 1738 837 1827 praeconiis
859 1736 1045 1823 quotannis
1075 1738 1256 1817 recolatur,
1276 1761 1339 1803 vo-

274 1844 396 1924 lumus,
413 1852 449 1913 et
463 1846 624 1912 omnibus
638 1845 819 1930 utriusque
834 1863 937 1908 sexus
949 1840 1080 1907 Christi
1092 1840 1262 1921 fidelibus,
1280 1848 1338 1929 qui

275 1946 318 2013 sd
332 1947 437 2014 horas
452 1948 633 2015 canonicas
648 1954 817 2025 tenentur,
835 1944 1040 2011 auctoritate
1057 1948 1092 2011 et
1112 1950 1231 2013 tenore
1249 1948 1339 2033 pari·

276 2052 341 2119 bus
356 2051 575 2139 indulgemus
597 2060 702 2140 atque
715 2052 926 2130 mandamus,
944 2056 983 2115 nt
999 2072 1110 2115 annua
1125 2050 1237 2139 ipsius
1253 2054 1339 2121 Bea-

276 2156 428 2223 tissimae
443 2156 597 2244 Virginis
611 2156 743 2223 Mariae
759 2156 802 2221 de
825 2153 1031 2239 Guadalupe
1047 2154 1135 2219 festa
1150 2154 1226 2222 dies
1256 2156 1339 2223 dno-

275 2259 407 2326 deoima
421 2261 622 2327 Decembris
637 2261 674 2326 in
686 2264 891 2347 perpetuum
903 2256 968 2323 sub
981 2258 1050 2323 ritu
1063 2258 1192 2345 duplici
1204 2260 1340 2329 Primae

277 2364 407 2431 Classis
422 2386 498 2431 oum
515 2363 646 2430 Octava
660 2368 856 2451 peragatur,
872 2370 977 2447 atque
993 2362 1244 2449 praeinsertum
1261 2364 1341 2431 offl-

277 2469 364 2535 cium
381 2490 421 2533 ae
435 2466 546 2535 Missa
561 2467 726 2533 recitetur
744 2472 781 2533 et
795 2464 1018 2531 celebretur.'’
1038 2466 1083 2547 (lt

317 2570 447 2638 Iisdem
462 2570 623 2659 precibus
638 2570 842 2657 impetratae
858 2568 953 2637 luere
969 2593 990 2634 a
1002 2570 1034 2635 S.
1051 2570 1082 2637 S.
1096 2569 1225 2637 Christi
1242 2572 1341 2639 Vica-

278 2675 329 2741 rio
353 2679 390 2741 et
418 2674 631 2741 confirmatio
646 2673 856 2761 privilegiati
870 2672 1001 2739 Altaria
1017 2674 1052 2739 in
1071 2674 1263 2761 Collegiata
1277 2678 1341 2743 Eo-

176 2792 186 2803 “
279 2776 381 2843 cleeia
394 2778 433 2843 Β.
452 2776 495 2841 Μ.
511 2776 551 2843 V.
567 2775 611 2844 de
637 2776 842 2862 Guadalups
867 2774 936 2860 jam
952 2782 1030 2842 ante
1062 2778 1224 2855 concessi,
1241 2784 1276 2845 et
1291 2780 1341 2845 in-

278 2879 472 2967 dulgentiae
494 2880 668 2969 plenariae
683 2884 719 2947 et
740 2879 906 2967 partiales
921 2878 1083 2947 fidelibus
1099 2884 1207 2966 ipsam
1224 2882 1341 2948 Eccle-

278 2991 362 3057 siam
374 2990 605 3069 visitantibus,
632 3014 764 3058 necnon
789 2994 825 3055 et
835 2988 1070 3076 indulgentiae
1081 2997 1116 3058 et
1127 2992 1259 3079 gratiae
1272 2994 1341 3080 spi-

278 3093 418 3161 rituales
429 3092 711 3161 Conirateruitati
723 3096 757 3159 in
768 3092 888 3159 eadem
899 3092 1054 3159 Ecclesia
1065 3095 1136 3161 sive
1152 3104 1286 3165 erectae
1298 3102 1341 3165 si·

279 3220 318 3265 re
333 3195 525 3283 erigendae.
557 3198 603 3281 (2)

322 3303 421 3367 Anno
450 3300 535 3367 1756
561 3320 695 3366 summa
719 3299 854 3366 laetitia
879 3298 1006 3365 Marici
1033 3300 1100 3367 fuit
1129 3310 1293 3391 exceptus
1306 3304 1341 3387 P⁸

279 3402 428 3471 Joannes
442 3402 647 3469 Francisous
675 3402 792 3489 Lopez
807 3426 825 3468 e
840 3403 952 3469 Roma
981 3402 1127 3483 rediens,
1158 3410 1193 3471 et
1209 3406 1342 3475 litteras

280 3528 391 3575 secum
408 3506 552 3575 afferens
566 3506 795 3593 Apostolicas,
810 3506 939 3591 quibus
955 3505 1050 3591 quod
1074 3511 1255 3595 tantopere
1272 3512 1342 3577 fne-

280 3603 331 3675 rst
345 3614 579 3696 exoptatuma
598 3608 739 3675 Christo
754 3608 790 3673 in
804 3608 906 3675 terrie
927 3608 1064 3675 Vioario
1085 3632 1282 3679 concessum
1296 3615 1344 3679 vi·

280 3709 433 3790 debatur,
449 3711 661 3778 confirmatio
676 3711 808 3779 scilicet
822 3712 993 3798 generalis
1019 3712 1060 3781 B.
1074 3714 1120 3779 M.
1139 3712 1177 3780 V.
1193 3713 1234 3780 de
1251 3716 1343 3783 Gua-

281 3811 402 3900 dslupe
417 3812 635 3893 Patronatua
651 3814 726 3900 ejus
741 3812 821 3880 testi
848 3816 979 3901 primae
1010 3816 1131 3883 classis
1158 3818 1343 3903 institutio,

318 3988 363 4066 (ι)
405 3988 443 4049 V.
472 3988 529 4049 hec
544 3986 674 4047 Litterae
698 3988 895 4064 apostolicae
921 3990 1002 4065 apud
1026 3991 1181 4066 Oquendo
1206 4010 1300 4069 opere
1315 4004 1344 4053 et

281 4083 346 4148 loco
360 4104 450 4165 supra
464 4085 516 4158 cit,
527 4098 557 4146 et
568 4084 599 4145 in
614 4104 714 4164 opere,
729 4084 778 4145 cui
792 4084 897 4147 titulus
914 4088 1100 4149 “Colercion
1116 4092 1155 4151 de
1170 4091 1258 4151 ubres
1273 4112 1290 4170 y
1306 4094 1345 4152 Ο·

281 4196 419 4271 pusculos
433 4194 673 4272 pertenecieutea
688 4198 705 4253 t
720 4194 748 4253 la
763 4192 935 4270 Aparicion,
953 4206 1010 4253 etc.
1025 4195 1094 4253 loco
1110 4212 1198 4270 supra
1212 4192 1261 4255 cit.

315 4293 358 4371 (ι)
400 4294 437 4353 V.
454 4291 639 4353 Praecitstae
653 4291 850 4370 Apostolicae
871 4290 987 4353 litterae
1002 4290 1031 4351 in
1046 4290 1220 4352 auctoribus
1235 4290 1345 4371 praeci·

281 4389 354 4455 nus
