3625 5217
956 658 1018 725 132

465 827 541 895 fieri
556 830 669 916 potuit
693 828 839 916 depicta,
852 828 919 915 ipsi
946 830 1062 894 oblata
1088 828 1163 905 luit,
1178 829 1332 895 eamdem
1345 828 1535 915 Imaginem

467 932 621 999 misitad
647 933 891 999 monasterium
922 933 1121 997 monialium
1146 932 1364 999 visitationis
1395 934 1431 998 in
1446 934 1537 997 alma

467 1032 553 1103 urbe
568 1035 686 1111 Roma,
702 1040 741 1100 ut
756 1034 804 1100 ibi
817 1034 1046 1099 honoraretur
1062 1034 1179 1099 debito
1196 1035 1297 1099 cultu.
1318 1036 1363 1119 (1)

509 1136 666 1204 Ecclesia
681 1137 872 1224 Ocllegiata
886 1137 925 1202 B.
945 1136 989 1201 Μ.
1008 1136 1045 1203 V.
1062 1137 1105 1203 ds
1136 1138 1341 1224 Guadalupe
1358 1136 1535 1204 Romanae

470 1239 642 1307 Ecclesiae
656 1240 879 1307 lateranensi
900 1239 997 1305 unita
1012 1242 1083 1307 suit.
1110 1243 1157 1329 (l)

517 1333 760 1412 Sanctissimus
772 1329 948 1409 Dominus
959 1342 1040 1410 Pius
1052 1346 1102 1411 VI
1118 1343 1287 1411 concessit
1299 1342 1444 1407 Missam
1460 1364 1537 1427 pro-

466 1448 578 1535 priam
607 1446 708 1513 B.M„
737 1444 772 1510 V.
804 1444 846 1511 de
871 1444 1084 1532 Gnadalupe,
1117 1446 1301 1513 menicanis
1331 1466 1538 1520 concessam,

469 1551 573 1617 etiarn
588 1549 764 1615 Bononiae
780 1547 848 1613 dici
864 1549 900 1614 in
916 1548 1131 1615 solemnitate
1148 1549 1300 1636 ejusdem
1317 1548 1355 1613 B.
1374 1546 1536 1631 Virginis,

467 1656 504 1723 in
519 1655 667 1743 quadam
681 1652 837 1721 Ecclesia
852 1653 886 1720 S.
918 1652 1062 1720 Joaunis
1086 1656 1277 1741 Baptistae,
1294 1652 1329 1716 in
1345 1672 1414 1735 qna
1430 1651 1536 1716 altare

468 1764 506 1831 in
521 1764 685 1831 honorem
699 1763 738 1829 B.
756 1764 802 1830 M.
819 1765 858 1831 V.
876 1763 918 1828 de
950 1763 1151 1851 Gurrdalnpe
1178 1751 1329 1829 dicatirm
1346 1764 1413 1829 luit
1429 1764 1537 1829 dero-

468 1869 562 1937 tione
576 1872 612 1937 et
626 1868 806 1957 diligentia
830 1870 868 1935 P.
884 1870 1065 1937 Benedicti
1088 1872 1242 1949 valesce,
1271 1872 1345 1938 Soc.
1362 1874 1456 1953 dean,
1475 1872 1536 1959 qui

467 1972 535 2039 fuit
548 1994 638 2039 nnus
652 1995 693 2039 ex
722 1973 802 2053 illis,
819 1973 880 2059 qui
909 1972 1047 2039 decreto
1078 1975 1193 2041 Caroli
1210 1976 1276 2041 ΙΙΙ.
1294 1977 1395 2063 Hiep.
1420 1976 1534 2059 Regis,

468 2073 679 2142 mexicanum
691 2076 811 2152 solum,
829 2074 942 2141 Patria
953 2076 1078 2153 exules,
1093 2078 1249 2144 deserere
1263 2080 1371 2145 coacti
1385 2086 1465 2145 sunt
1489 2080 1533 2157 (3)

511 2180 754 2249 Sanctissimae
784 2178 942 2246 Pontifex
960 2180 1038 2245 Pius
1061 2179 1111 2245 VI
1127 2203 1215 2245 anno
1232 2183 1315 2249 1785
1347 2180 1534 2268 plenariam

468 2284 716 2372 indulgentiam
733 2286 766 2349 in
796 2283 882 2348 hora
898 2286 1017 2349 mortis
1047 2283 1244 2349 lucrandam
1276 2286 1532 2369 concessitqui-

469 2388 681 2473 buscumque
711 2386 842 2453 christi
857 2385 1027 2466 fidelibus,
1045 2388 1102 2471 qni
1119 2409 1232 2451 secum
1256 2386 1461 2453 detulissent
1477 2410 1536 2451 nu·

468 2491 592 2557 misma
606 2511 740 2557 sacrtnn
755 2511 797 2555 ex
812 2488 1004 2575 Collegiata
1018 2490 1174 2555 Ecclesia
1203 2488 1463 2575 Guadalupensi
1479 2490 1536 2553 arl-

467 2605 643 2691 quisitum.
659 2604 703 2669 In
718 2600 788 2667 illis
803 2600 1070 2666 numismatibus
1081 2597 1254 2685 insculpta
1269 2604 1343 2663 erat
1359 2598 1479 2682 Imago
1495 2598 1535 2663 B.

466 2692 515 2758 Μ.
531 2690 571 2758 V.
588 2690 631 2758 de
653 2686 867 2772 Guadalupe.
893 2688 939 2771 (4)

509 2916 551 2991 (ι)
594 2916 641 2974 Ita
657 2914 776 2973 refertur
794 2910 825 2971 in
853 2910 1045 2970 Dedriatcrrir
1076 2908 1146 2985 ipsis
1172 2908 1351 2968 monialibus
1366 2906 1431 2966 libri
1448 2908 1534 2967 trimo

467 3014 584 3077 dierum
599 3010 816 3089 deprecationis
841 3013 874 3072 B.
893 3010 936 3071 M.
955 3012 991 3068 V.
1007 3010 1045 3068 de
1075 3009 1262 3083 Goadnlupe.
1308 3008 1399 3083 Quod
1430 3007 1534 3065 librum

474 3113 613 3191 Hispane
638 3110 790 3187 scripturn,
806 3108 904 3169 italice
934 3108 1108 3167 translatum
1125 3119 1169 3166 est
1185 3106 1242 3165 illis
1265 3106 1443 3165 monialibus
1459 3106 1536 3165 dica-

464 3224 539 3283 tum,
554 3230 590 3270 ac
603 3208 715 3271 deinde
738 3208 844 3269 iterum
872 3205 998 3283 hispane
1013 3224 1131 3265 versum
1161 3218 1213 3263 est.
1258 3204 1349 3281 Quod
1369 3204 1456 3263 trium
1473 3206 1532 3265 die·

468 3330 536 3371 rum
551 3306 772 3387 deprecationis
787 3307 904 3376 librum,
920 3304 1049 3382 hispane
1071 3304 1256 3369 translatum.
1274 3302 1417 3362 insertum
1447 3316 1489 3362 est
1507 3304 1535 3362 in

466 3426 566 3485 opere,
581 3404 630 3466 cui
644 3404 750 3466 titulus
768 3405 909 3465 Colcccron
924 3404 959 3461 de
971 3404 1055 3461 otras
1074 3424 1097 3479 y
1109 3404 1262 3481 cp:tsrul0s
1281 3405 1498 3481 pertenecr‘entcs
1512 3410 1531 3463 d

467 3507 500 3567 Ia
514 3502 688 3583 Apameae,
702 3511 772 3573 etc,
787 3514 858 3562 tom.
880 3502 903 3559 I.

510 3604 556 3681 (a)
598 3603 674 3662 Prae
701 3600 795 3661 oculis
819 3601 946 3661 habetur
978 3600 1211 3675 Transumptum
1241 3598 1419 3659 litterarum
1449 3598 1536 3673 liujus

469 3699 695 3781 aggregationis,
710 3718 788 3776 quae
816 3698 976 3775 originales
1002 3710 1155 3756 servantur
1180 3696 1209 3755 in
1237 3696 1357 3757 archivo
1387 3698 1537 3757 Ecclesiae

471 3799 654 3879 collegiatae
669 3800 702 3859 B.
734 3800 778 3858 M.
794 3799 830 3858 V.
858 3796 896 3857 de
912 3796 1099 3872 Guadalupe.
1147 3798 1192 3855 De
1218 3796 1412 3872 Transnmpti
1443 3796 1535 3855 fideli-

470 3913 531 3963 tate
545 3911 644 3961 certcs
657 3916 714 3957 nos
728 3909 817 3975 prout
831 3896 871 3957 de
883 3898 949 3972 jure
966 3894 1038 3953 facit
1053 3894 1236 3955 Secretnrius
1253 3894 1384 3971 Capituli
1401 3895 1537 3971 ejusdem

470 3998 623 4062 Ecclesiae
634 3996 826 4075 collegiatae.

509 4104 556 4179 (3)
599 4100 746 4173 Maneiro,
762 4102 809 4160 De
824 4099 892 4159 vitis
906 4098 1029 4175 aliquod
1043 4098 1274 4169 nrexicanornm,
1291 4112 1357 4171 etc,
1374 4112 1445 4160 torn.
1463 4120 1491 4175 3,
1505 4099 1534 4159 in

470 4202 659 4283 Appendice,
673 4199 724 4260 ubi
740 4200 779 4260 de
796 4199 963 4259 Benedicto
980 4200 1115 4258 Velasc0.

512 4305 557 4379 (4)
600 4302 761 4379 Oqueodo,
792 4300 900 4360 Disert.
919 4300 985 4360 hist.
1002 4300 1089 4359 sobre
1105 4299 1133 4358 la
1148 4298 1320 4377 Aparicion,
1336 4309 1401 4369 etc,
1419 4310 1489 4357 torn.
1510 4316 1535 4371 2,

469 4420 535 4479 es·
551 4402 609 4479 at
625 4420 651 4474 τ,
667 4402 750 4460 nam.
777 4402 845 4475 ⁶94-
