3625 5217
937 623 1002 691 272

493 794 593 861 Anno
625 796 708 861 1831
726 795 976 861 solemnissime
1002 797 1037 861 in
1052 797 1145 863 omni
1159 796 1339 864 Mexioana
1366 797 1514 865 Natione

447 897 657 965 celebratum
672 898 739 965 1611
750 900 889 966 tertium
906 880 1137 967 centenarium
1160 902 1396 989 Apparitionis
1411 903 1450 969 Β.
1465 904 1512 971 Μ.

447 1000 483 1064 V.
500 1002 543 1067 de
560 1003 770 1091 Guadalupe.
788 1006 835 1086 (1)

485 1107 613 1172 Verum
628 1108 846 1194 neoposibile
859 1112 951 1173 esset
967 1108 1081 1173 omnia
1095 1108 1233 1188 referre,
1250 1132 1337 1195 quae
1353 1111 1389 1175 in
1406 1111 1514 1177 hono.

443 1234 513 1277 rem
529 1212 568 1277 B.
580 1213 626 1277 Μ.
642 1213 682 1278 V.
697 1212 740 1277 de
770 1211 984 1299 Guedelupa
1001 1218 1036 1279 et
1062 1218 1284 1281 6616666161
1313 1220 1461 1301 aguntur
1476 1214 1512 1281 in

443 1314 598 1380 Mexicea
611 1315 768 1381 Natione.
813 1314 876 1381 Sat
890 1316 957 1381 erit
972 1316 1084 1383 dicere
1107 1317 1217 1405 ipsius
1232 1317 1512 1405 Guadalupensis

446 1418 596 1504 Virginis
611 1420 745 1487 festum.
767 1438 808 1485 ex
824 1420 1042 1485 concessione
1058 1421 1266 1507 Apostolios,
1280 1426 1319 1487 61
1334 1420 1511 1507 Principa-

443 1522 486 1590 lis
515 1523 684 1589 Patronae
715 1523 783 1587 ritu
813 1523 944 1609 duplici
974 1524 1103 1609 primae
1120 1526 1240 1591 6166616
1268 1526 1433 1593 celebrari
1464 1524 1509 1590 ab

444 1632 591 1712 utroque
604 1628 705 1705 cler03
721 1626 836 1714 inquo
850 1627 938 1693 festo
954 1626 1053 1693 adest
1067 1634 1288 1715 praeceptum
1301 1650 1435 1696 sacrum
1452 1650 1511 1693 au·

443 1731 560 1797 diendi
575 1737 611 1796 61
626 1732 781 1797 66666611
797 1731 842 1796 61)
871 1732 1035 1817 operibus
1051 1732 1245 1797 servilibus:
1262 1733 1392 1819 templa
1406 1732 1509 1797 etiam

443 1832 561 1910 multa,
574 1837 610 1897 et
624 1831 748 1897 altaria
764 1831 915 1917 plurima
930 1831 1146 1897 inhonorem
1161 1830 1200 1896 B.
1226 1831 1272 1896 M.
1291 1830 1328 1897 V.
1353 1830 1396 1895 de
1420 1830 1513 1895 Gua-

444 1934 570 2021 dalupe
600 1934 750 2000 Domino
766 1933 879 2000 dicata
900 1940 991 2000 sunt:
1007 1934 1180 2021 Imagines
1206 1957 1286 1999 vero
1302 1932 1455 2019 ejusdem
1471 1932 1510 1997 B.

445 2037 482 2104 V.
500 2038 543 2103 de
559 2037 772 2124 Guadalupe,
803 2060 891 2122 quae
918 2036 1122 2103 infidelium
1145 2038 1305 2103 domibus
1335 2036 1508 2124 reperiun-

442 2142 509 2217 tur,
525 2138 697 2203 numerari
725 2160 794 2203 non
824 2142 979 2224 possunt:
1009 2138 1127 2203 multis
1143 2138 1178 2203 in
1204 2136 1358 2225 Templis
1387 2136 1510 2221 Appa-

442 2242 579 2307 ritionis
607 2242 733 2307 festum
760 2240 959 2307 solemniter
989 2240 1191 2306 celebratur:
1220 2240 1379 2327 publicae
1409 2237 1507 2303 laeti--

443 2344 512 2410 tiae
528 2350 563 2410 et
575 2344 804 2409 solemnitatis
819 2344 918 2429 sigua
933 2344 1004 2409 sive
1018 2366 1078 2430 per
1094 2343 1268 2423 Civitates,
1286 2342 1357 2409 sive
1374 2364 1435 2428 per
1450 2364 1511 2427 op·

443 2446 527 2533 pide
541 2447 701 2514 videntur
723 2448 845 2513 diebus
861 2448 901 2512 11
933 2454 968 2513 61
998 2448 1038 2513 12
1062 2446 1271 2513 Decembris.
1318 2446 1429 2529 Quam
1445 2445 1512 2511 fre·

444 2545 599 2635 quenter'
614 2550 798 2616 Antistites
813 2550 957 2615 Missam
974 2550 1229 2637 pontificalibus
1244 2548 1359 2615 vestiti
1389 2549 1512 2615 solem·

444 2660 534 2726 niter
549 2660 766 2727 celebrarunt
780 2667 815 2727 et
830 2661 1005 2727 celebrant
1021 2662 1055 2726 iu
1070 2662 1159 2727 festo
1188 2660 1437 2747 Apparitionie;
1452 2666 1510 2725 at-

443 2788 511 2851 que
527 2766 608 2831 dum
624 2764 735 2829 civilis
749 2764 909 2829 Potestas
925 2764 969 2829 ab
984 2764 1139 2831 Ecclesia
1154 2786 1221 2830 non
1236 2786 1311 2830 sese
1327 2764 1509 2851 separavit,

444 2868 561 2933 civiles
576 2868 811 2954 Magistratus
827 2868 929 2933 etiam
957 2868 1120 2954 primarii,
1137 2868 1248 2934 eidem
1272 2870 1360 2933 16616
1375 2867 1410 2932 16
1426 2872 1511 2933 tem·

444 2976 503 3061 plo
533 2976 677 3041 aderant
691 2976 835 3060 singulis
865 2974 971 3040 66616.
1017 2976 1060 3039 16
1077 2974 1225 3061 publicis
1255 2972 1510 3039 calamitatibus

443 3080 482 3143 B.
500 3080 546 3145 Μ.
564 3078 602 3145 V.
620 3080 663 3144 (16
678 3079 882 3164 Guadalupe
899 3078 1035 3164 publice
1051 3084 1086 3143 et
1101 3077 1321 3143 devotissime
1337 3082 1506 3142 exoratur.

443 3182 482 3245 B.
506 3180 551 3245 M.
567 3181 606 3245 V.
636 3182 679 3247 de
709 3180 914 3266 Guadalupe
942 3180 1087 3246 solemni
1117 3180 1213 3246 66116
1243 3180 1287 3245 61
1302 3179 1509 3266 Tepeyacatl

444 3283 633 3350 honoratur
648 3308 730 3350 cura
753 3290 788 3349 et
798 3283 997 3370 sumptibus
1019 3283 1285 3370 uniuscujusque
1309 3282 1510 3349 Mexicanae

443 3387 652 3454 Dioeeeseos
677 3388 733 3453 die
749 3388 953 3453 duodecima
976 3389 1245 3475 uniuscujusque
1269 3388 1406 3468 mensis,
1422 3388 1508 3454 6116

445 3490 524 3555 61116
540 3488 639 3557 166116
655 3492 695 3557 Β.
709 3492 748 3555 V.

486 3594 543 3660 116
557 3595 693 3661 (16666
706 3594 858 3659 fidelium
870 3592 1032 3657 cordibus
1048 3592 1188 3659 insitum
1205 3598 1258 3659 eet
1272 3592 1510 3681 apparitionis

447 3696 725 3785 Guadalupensis
737 3696 870 3781 insigne
883 3696 1093 3775 beneficium,
1107 3703 1224 3763 utnon
1237 3696 1339 3761 modo
1351 3698 1410 3783 qui
1422 3696 1510 3763 11161

444 3821 568 3886 negare
584 3802 718 3877 audeat,
735 3822 851 3865 verum
867 3805 902 3866 et
918 3800 978 3887 qui
997 3800 1039 3865 de
1055 3800 1116 3865 illo
1128 3800 1273 3879 dubitet,
1290 3822 1392 3887 grave
1408 3822 1510 3888 gene-

444 3903 537 3971 rabit
552 3904 761 3971 scandalum.

487 4014 541 4079 Ex
558 4015 780 4083 concessione
793 4012 874 4079 Smi.
889 4014 930 4077 D.
945 4012 1073 4079 Leonis
1086 4012 1200 4099 Papae
1211 4012 1312 4081 XIII.
1327 4012 1405 4101 ipsa
1419 4014 1509 4081 Ima·

441 4152 485 4217 go
501 4127 539 4191 B.
568 4124 615 4191 Μ.
633 4124 670 4191 V.
689 4124 731 4190 (16
762 4122 977 4210 Guadalupe,
1009 4145 1096 4208 qnae
1113 4123 1316 4191 mirabiliter
1329 4125 1503 4211 apparuit,

438 4229 521 4296 etin
535 4227 727 4314 collegiata
749 4226 903 4295 Ecclesia
926 4226 970 4293 61
991 4228 1199 4317 Tepeyacatl
1229 4236 1423 4310 veneratur,
1440 4252 1501 4296 au-

447 4352 576 4367 -

445 4386 452 4399 Ο

475 4420 520 4522 p)
560 4422 685 4507 Torum,
700 4423 745 4483 Lu
759 4418 923 4507 Aparicion
938 4430 995 4501 etc.
1012 4432 1086 4485 tom.
1104 4440 1129 4497 1,
1144 4438 1208 4519 cap.
1230 4442 1242 4483 1
1248 4440 1275 4523 ξ,
1293 4422 1376 4507 616.
1393 4442 1410 4525 3
1434 4442 1461 4515 4.
