3625 5217
1010 612 1075 677 240

517 786 683 865 dralibue‚
714 789 799 853 satis
825 784 977 851 ostendit
1006 790 1135 870 quanto
1161 784 1291 848 honore
1316 782 1421 871 digna
1442 786 1583 851 habere·

515 898 573 957 tur
588 890 940 977 Sanctissimalmago
955 890 994 955 B.
1009 890 1054 954 M.
1071 888 1169 961 V.de
1185 886 1399 973 Guadalupe,
1416 894 1452 955 et
1475 912 1582 974 quan·

518 1002 553 1061 ta
568 994 748 1061 devotione
766 999 1041 1081 prosequeretur,
1055 999 1128 1058 tum
1145 1014 1165 1056 a
1191 990 1352 1075 Capitulo
1381 991 1583 1079 Metropoli·

518 1106 609 1177 tane,
623 1104 695 1164 tum
711 1098 815 1164 etiam
832 1097 972 1162 familiis
994 1098 1244 1182 religiosorum.

560 1202 646 1268 (lum
662 1202 787 1267 Mexici
803 1201 935 1267 incolae
951 1202 1050 1286 aquis
1067 1200 1188 1265 urbem
1203 1198 1452 1265 innundatibus
1484 1222 1585 1285 ango·

519 1330 554 1371 re
574 1312 821 1393 promerentem
836 1305 984 1371 assiduis
1002 1305 1163 1391 precibus
1179 1303 1223 1367 ad
1252 1304 1440 1389 Deiparam
1471 1304 1586 1368 coniu-

517 1411 666 1497 giebant,
683 1410 765 1477 dum
782 1410 867 1475 mira
884 1414 991 1497 ipsius
1021 1410 1141 1495 Imago
1157 1408 1199 1473 de
1216 1406 1421 1493 Guadalupe
1448 1406 1485 1471 in
1500 1406 1583 1471 urbe

519 1515 745 1583 detinebatur.
769 1516 956 1601 Plusquam
972 1519 1120 1598 quatuor
1136 1513 1234 1577 annis
1244 1512 1421 1599 praedicta
1436 1512 1586 1579 Sanctis·

520 1624 607 1691 sima
622 1627 741 1713 Imago
757 1627 807 1693 ibi
819 1632 1015 1713 permansit,
1030 1650 1140 1711 usque
1157 1627 1201 1691 ad
1217 1650 1267 1691 an.
1289 1627 1384 1692 1634.
1402 1628 1449 1707 (l)

563 1732 662 1797 Anno
689 1736 782 1813 1631,
814 1736 970 1803 adauctis
996 1738 1096 1822 aquis
1127 1738 1300 1803 Mexicum
1326 1736 1584 1811 inundantibus,

521 1832 753 1901 abundantius
769 1838 929 1923 precibus
944 1837 1211 1902 ferventioribus
1226 1837 1379 1924 Deipara
1392 1836 1434 1902 de
1451 1836 1587 1903 Guada·

522 1938 603 2026 lupe
619 1937 686 2005 fuit·
710 1938 874 2006 invocata.
919 1941 1016 2006 Tunc
1042 1942 1146 2007 etiarn
1176 1940 1325 2026 primum
1353 1940 1588 2027 Apparitionis

523 2042 756 2109 centenarium
773 2045 899 2110 Mexici
916 2045 1135 2111 devotissime
1147 2044 1213 2109 fnit
1230 2046 1452 2112 celebratum.
1469 2048 1515 2128 (2)

565 2147 760 2232 Antequam
776 2148 975 2236 Tepeyacac
990 2172 1111 2213 rursus
1133 2148 1319 2213 duceretur
1341 2150 1446 2215 Sacra
1471 2150 1588 2236 Imago

523 2250 566 2317 de
582 2250 797 2337 Guadalupe,
815 2254 1013 2318 Mexicanus
1038 2252 1286 2337 Archipraesul
1315 2254 1357 2317 D.
1389 2254 1589 2321 Franciscus

523 2355 647 2420 Mauso
662 2378 684 2439 y
700 2356 831 2440 Zuiriga
853 2357 1035 2443 Templum
1056 2356 1329 2441 Tepeyaquense
1345 2360 1527 2443 repararit.
1546 2363 1588 2440 (3)

567 2460 666 2525 Anno
683 2460 776 2536 1634,
792 2460 994 2525 Mexicanus
1009 2460 1300 2545 Arcbiepiscopus
1317 2460 1590 2528 sacratissimam

524 2564 714 2649 Imaginem
731 2564 769 2629 B.
800 2565 845 2629 M.
873 2563 914 2628 V.
944 2563 986 2627 de
1010 2562 1217 2648 Guadalupe
1244 2564 1499 2630 solemnissima
1515 2590 1590 2652 pro·

526 2670 679 2735 cessione
695 2668 737 2733 de
761 2668 905 2753 Templo
921 2667 1076 2731 Maximo
1100 2667 1260 2731 Mexicoo
1284 2666 1410 2734 detulit
1425 2669 1470 2733 ad
1485 2670 1591 2757 Tepe-

524 2800 698 2865 yaquense
714 2776 903 2863 Templum.
920 2776 1022 2841 Omni
1038 2781 1161 2839 ornatu
1178 2798 1197 2839 a
1214 2774 1269 2839 die
1286 2775 1366 2839 huic
1381 2779 1591 2861 processioni

477 2941 481 2951 ,
525 2882 750 2968 praecedente
766 2880 927 2945 decorata
956 2879 1022 2943 fuit
1045 2879 1169 2943 Mexici
1195 2878 1280 2941 urbs
1303 2880 1474 2958 universa,
1492 2887 1592 2966 atque

470 3026 472 3029 ·
526 2990 575 3055 ita
591 3008 652 3075 per
668 2991 801 3050 noctem
817 2983 1006 3047 luminibus
1021 3005 1083 3067 per
1099 2980 1229 3066 templa
1243 2987 1279 3045 et
1294 2980 1415 3046 domos
1443 2985 1592 3070 resplen-

526 3094 612 3171 duit,
629 3097 668 3156 ut
683 3090 840 3155 diurnam
870 3086 981 3171 ipsam
1011 3086 1121 3149 lucem
1151 3085 1317 3149 aemulari
1343 3085 1529 3166 viilcretur;
1559 3094 1592 3153 et

526 3198 609 3264 illuc
624 3195 678 3260 vel
694 3192 838 3257 maxime
856 3189 1095 3275 copiosissima
1111 3194 1213 3273 atque
1229 3188 1402 3253 ditissima
1429 3190 1526 3255 fuere
1542 3215 1593 3256 or·

526 3304 695 3377 nements,
711 3300 780 3383 qul
795 3294 971 3381 processio
986 3292 1136 3357 incessit.
1181 3294 1223 3357 In
1241 3314 1282 3355 ea
1298 3294 1530 3377 processione,
1547 3296 1594 3360 ita

527 3404 670 3474 solemni
688 3424 756 3487 quo
786 3396 955 3486 plusfieri
985 3419 1051 3459 non
1068 3402 1214 3480 poterat,
1236 3395 1338 3460 simul
1368 3419 1446 3461 cunr
1476 3399 1593 3463 Archi·

526 3509 684 3598 praesule
698 3505 835 3571 adfuere
852 3498 1159 3584 Metropolitanum
1183 3499 1392 3585 Capitulum,
1410 3505 1446 3565 et
1461 3501 1594 3567 unirer-

528 3639 587 3681 sus
604 3614 724 3680 Clcrus
737 3606 933 3682 saecularis,
946 3609 981 3668 et
993 3604 1116 3667 Sacrae
1127 3604 1338 3689 Religionea
1350 3610 1386 3668 et
1401 3606 1595 3672 Confrater·

528 3720 663 3795 nitelae,
677 3721 711 3781 et
725 3713 842 3779 civiles
858 3708 1083 3793 Magistratus
1096 3708 1255 3785 universi,
1271 3708 1463 3794 (Pro-Rege
1476 3734 1595 3797 excep-

528 3830 574 3903 to,
591 3822 651 3909 qui
668 3818 811 3885 adversa
840 3810 1036 3878 valetudine
1057 3810 1123 3875 fuit
1153 3810 1366 3898 impeditus),
1383 3817 1418 3877 et
1448 3814 1596 3901 populns

571 4018 614 4093 (ι)
658 4014 793 4074 Cabrcra
809 4008 931 4068 Escudo
947 4007 985 4065 dc
1008 4009 1119 4064 Arnras
1143 4006 1180 4064 dc
1197 4005 1327 4077 alexim,
1344 4006 1394 4064 lib.
1412 4026 1440 4081 3.
1464 4027 1531 4085 cap,
1555 4011 1596 4080 18,

530 4122 700 4190 udm.715.

567 4216 611 4292 (2)
656 4214 789 4275 Cabrera
805 4210 844 4268 ib.
866 4226 978 4281 ¹¹·714·

562 4314 607 4393 (3)
641 4316 772 4375 Eurum
789 4314 975 4377 Lireuznu,
995 4307 1080 4370 Serre
1095 4306 1133 4369 de
1148 4307 1193 4369 los
1209 4307 1307 4381 Ilnros
1330 4308 1400 4369 Stes
1414 4305 1596 4391 Arrobispos

529 4414 716 4485 cenerico.
