3625 5217
996 432 1057 503 lna

492 609 577 685 tant,
592 613 628 672 et
641 605 808 693 imagines
818 605 893 693 ejus
904 606 1109 686 innumeras,
1122 614 1158 674 et
1169 606 1205 673 in
1219 604 1368 693 templis,
1384 610 1420 673 et
1435 606 1472 672 in
1483 602 1549 693 pri·

493 716 581 784 vatis
595 716 755 784 domibus
770 724 984 798 venerantur,
1001 718 1186 806 multisque
1203 716 1315 785 modis
1330 715 1420 806 grati
1445 712 1547 781 enimi

494 842 631 888 sensum
647 843 711 909 pro
726 821 891 889 ineffabili
918 822 1115 911 hujusmodi
1138 822 1335 911 dignatione
1364 820 1432 887 Dei
1449 816 1551 887 Geni-

494 926 589 992 triois
604 933 845 1014 protestantur.
892 932 993 1001 Unde
1016 932 1154 1001 devotio
1183 934 1269 1001 haec
1283 932 1384 1019 longe
1414 930 1551 1015 lateque

492 1028 626 1110 diffusa,
642 1054 771 1121 perque
787 1036 855 1103 tria
865 1037 1004 1104 saecula
1015 1043 1050 1105 et
1062 1038 1211 1125 amplius
1222 1034 1435 1104 continuata?
1451 1030 1551 1101 Unde

494 1132 551 1199 hic
566 1133 679 1202 cultus
693 1143 891 1225 perpetuus,
907 1146 943 1207 et
957 1139 1169 1229 splendidus,
1181 1140 1249 1208 nisi
1263 1162 1305 1207 ex
1320 1134 1462 1227 speciali
1483 1157 1551 1201 mo·

494 1237 586 1303 tione
603 1237 738 1307 divinae
753 1242 899 1329 gratiae?
924 1242 1094 1314 Dominus
1106 1250 1230 1324 autem,
1244 1249 1279 1312 et
1289 1264 1401 1319 verax,
1411 1246 1446 1307 et
1457 1260 1550 1307 sane

494 1348 560 1421 tus,
576 1344 712 1411 nonnisi
728 1346 772 1413 ud
788 1369 869 1413 vera
882 1354 918 1415 et
934 1356 1053 1415 sancta
1068 1348 1172 1417 eorda
1187 1353 1306 1415 nostra
1317 1350 1441 1414 movet:
1458 1364 1551 1410 sanc·

493 1450 549 1511 tus
559 1468 640 1533 ergo
651 1456 714 1529 est,
727 1456 761 1517 et
774 1452 918 1521 veritate
928 1452 1065 1521 innixus
1075 1454 1188 1521 cultus
1197 1454 1236 1521 B.
1248 1453 1294 1521 M.
1305 1453 1344 1520 V.
1359 1453 1401 1521 de
1414 1449 1549 1519 Gnade·

495 1549 584 1638 lupe.
602 1550 679 1618 Hoc
694 1559 809 1621 antem
824 1557 920 1624 cultu
932 1557 1118 1645 gratiarnm
1132 1558 1221 1625 actio
1232 1580 1296 1647 pro
1310 1556 1349 1625 B.
1367 1557 1413 1624 Μ.
1430 1555 1469 1623 V.
1483 1554 1550 1644 Ap

494 1656 663 1742 punitione
684 1658 833 1725 Domino
847 1660 1014 1741 redditur,
1042 1668 1146 1749 atque
1167 1661 1418 1749 ipsaPiissimu
1433 1660 1548 1747 Virga,

493 1781 582 1845 qnae
592 1760 791 1849 Tcpeyacac
800 1764 971 1853 apparuit,
983 1788 1097 1833 amore
1110 1772 1145 1833 et
1157 1766 1322 1854 singulari
1332 1764 1459 1833 fiducia
1468 1762 1552 1834 cela-

495 1864 624 1943 brntnr‚
642 1872 678 1933 et
692 1866 877 1935 invocatur.
902 1868 1085 1957 Apparitio
1101 1870 1207 1957 igitur
1222 1892 1302 1937 vera
1317 1875 1371 1937 est
1385 1865 1550 1937 habenda

537 1975 671 2044 Crescit
684 1976 789 2065 hujus
804 1980 997 2065 argumenti
1013 1980 1065 2046 vis
1081 1980 1111 2046 si
1126 1979 1162 2047 id
1178 1980 1407 2059 attendamus,
1423 1979 1553 2047 scilicet

494 2080 588 2167 qnod
603 2081 717 2148 cultus
731 2082 773 2147 Β.
788 2081 835 2146 Μ.
852 2082 890 2148 V.
904 2082 948 2148 de
964 2082 1177 2171 Guadalnpe,
1193 2106 1262 2151 non
1277 2083 1368 2151 intra
1382 2084 1467 2149 fines
1481 2082 1552 2149 Me·

493 2183 632 2252 xioanae
643 2183 803 2251 Nationis
815 2186 996 2253 conclusus
1019 2191 1080 2252 est.
1097 2186 1144 2252 Et
1153 2185 1292 2273 quidem
1303 2192 1469 2274 quantum
1485 2185 1552 2251 his-

495 2312 621 2379 panum
631 2313 707 2357 sese
716 2290 901 2378 aliquando
911 2289 1064 2359 extendit
1073 2289 1265 2377 imperium,
1276 2291 1379 2359 etiem
1391 2290 1505 2357 cultus
1514 2289 1551 2355 B.

495 2396 541 2461 M.
554 2396 593 2463 V.
606 2395 649 2462 de
662 2392 866 2483 Guedulupe
876 2404 1086 2485 propagatus
1098 2403 1160 2477 est,
1173 2395 1335 2485 quoniam
1344 2393 1381 2461 in
1395 2390 1554 2459 omnibns

495 2495 693 2583 regionibus
703 2496 882 2565 catholico
896 2500 985 2587 Regi
997 2502 1171 2588 subjectis,
1183 2501 1261 2590 ipso
1270 2500 1363 2587 Rege
1380 2496 1554 2585 postulan-

495 2611 539 2684 te,
554 2607 678 2674 testum
689 2606 727 2671 B.
741 2608 787 2675 Μ.
801 2609 840 2673 V.
868 2609 911 2676 de
927 2611 1141 2701 Guadalupe,
1164 2635 1240 2677 oum
1256 2608 1375 2679 Officio
1391 2614 1426 2675 et
1446 2606 1555 2673 Missa

495 2710 644 2798 propriis
655 2711 714 2778 SS.
726 2711 768 2776 D.
779 2712 989 2781 Benedictus
999 2716 1083 2781 XIV
1096 2713 1262 2782 celebrari
1272 2710 1449 2779 concessit
1494 2708 1554 2774 At·

494 2833 562 2897 que
573 2812 677 2877 etiam
689 2833 751 2897 per
763 2812 850 2879 alins
865 2814 1032 2891 nationes,
1042 2819 1078 2880 et
1089 2815 1125 2881 in
1137 2815 1214 2903 ipsa
1228 2812 1313 2879 urbe
1326 2810 1437 2877 Roma
1452 2806 1556 2875 Sanc-

495 2909 629 2977 tissima
651 2909 757 2997 Virgo
774 2914 884 2979 Maria
906 2913 948 2979 de
965 2912 1170 3001 Guadalupe
1187 2914 1282 2979 cultu
1305 2916 1358 2978 est
1374 2910 1551 2977 celebrata

496 3014 859 3105 Verumpeleberrimu
868 3017 935 3082 tuit
946 3016 1174 3103 Congregatio
1188 3016 1223 3082 in
1235 3017 1395 3081 bonorem
1406 3012 1555 3082 Sanctis·

495 3117 602 3183 simae
612 3116 764 3205 Virginis
780 3118 822 3185 de
834 3118 1039 3207 Guadalupe
1058 3120 1266 3198 lllexicnnue,
1283 3118 1444 3185 instituta
1455 3118 1490 3183 in
1505 3140 1555 3183 re·

494 3219 552 3307 gia
567 3219 652 3286 urbe
668 3219 874 3299 Matritensi,
906 3222 942 3287 in
958 3244 1027 3309 quu
1055 3222 1130 3310 ipse
1154 3222 1227 3289 Rex
1244 3222 1376 3310 primus
1406 3228 1441 3287 et
1453 3220 1556 3287 maxi-

496 3346 571 3389 mus
583 3323 689 3389 irater
700 3329 783 3403 erat,
796 3328 918 3411 cuique
932 3326 996 3391 viri
1011 3326 1257 3414 quamplurimi
1267 3322 1438 3411 sapientia
1449 3330 1484 3390 ct
1499 3346 1556 3389 no·

494 3426 630 3495 bilitate
651 3425 803 3517 insignes
818 3452 942 3494 nomen
958 3428 1091 3497 dedere.
1137 3431 1191 3497 De
1207 3432 1271 3499 hac
1287 3426 1556 3523 Congregatione

494 3542 634 3628 scripsit
649 3540 690 3607 D.
707 3538 930 3607 Theobaldns
945 3540 1072 3607 Rivera
1086 3541 1213 3608 librum
1237 3542 1292 3609 oui
1307 3540 1441 3620 titulus,
1465 3540 1557 3607 Relu-

493 3646 598 3731 ciouy
626 3644 733 3723 catulo
748 3642 797 3709 dcl
824 3644 913 3722 cauo,
929 3644 1034 3723 luntre,
1064 3668 1232 3731 propresos
1261 3668 1282 3732 y
1309 3644 1447 3713 uitrucd
1474 3642 1511 3711 dc
1525 3642 1558 3707 lu

494 3748 575 3815 Reae
593 3746 832 3833 Conprepuciou,
843 3754 895 3813 etc
921 3746 977 3813 Ibi
993 3752 1107 3814 autem
1121 3748 1226 3816 refert
1249 3754 1368 3815 auctor
1383 3755 1469 3836 quot
1482 3772 1558 3838 per·

493 3874 597 3919 sonae
612 3850 781 3937 dignitate
796 3849 959 3937 insignes,
977 3850 1031 3917 vel
1054 3850 1123 3918 alio
1139 3852 1242 3918 titulo
1268 3852 1487 3941 spectabiles,
1503 3874 1559 3919 ns·

494 3976 561 4041 qne
586 3952 632 4021 ad
658 3954 746 4022 illud
761 3959 898 4042 tempus
915 3954 1110 4042 praedictae
1142 3954 1408 4044 congregationi
1438 3978 1558 4025 nomen

494 4056 905 4125 dederuntzinveniuntur
915 4080 996 4145 ergo
1006 4057 1075 4123 duo
1085 4058 1207 4146 Reges,
1219 4058 1307 4125 dune
1319 4058 1481 4147 Reginae,
1491 4059 1560 4127 duo

493 4160 695 4228 cardinales
709 4161 855 4228 Sanctae
874 4161 1050 4227 Romanae
1066 4161 1253 4242 Ecclesiae,
1268 4162 1444 4229 Primatns
1459 4184 1558 4247 unns,

388 4306 393 4313 -
491 4262 612 4353 viginti
623 4268 660 4333 et
670 4284 759 4332 unua
769 4262 1033 4353 Archiepiscopi
1043 4270 1079 4332 et
1089 4264 1265 4357 Episcopi,
1280 4263 1351 4333 duo
1367 4264 1560 4335 &uenales
