3625 5217
983 568 1046 645 188

493 732 573 820 lupe
588 736 770 852 probatum
787 743 860 811 fuit
878 746 927 827 (1)
954 744 1161 829 Nullatenns
1190 750 1418 819 dubitandum
1435 752 1478 821 de
1493 754 1552 823 lio·

494 858 569 901 rum
584 845 753 925 protorum
769 848 902 933 peritia,
921 851 1056 937 quibus,
1070 858 1105 919 et
1121 854 1179 939 qui
1197 855 1355 941 preeluit,
1372 856 1416 922 ab
1447 856 1552 927 omni·

493 938 868 1109 gpprpraeclurissimus
897 952 1056 1033 habetur,
1079 956 1219 1036 scilicet,
1250 958 1291 1023 D.
1325 958 1474 1025 Michael
1490 960 1551 1029 Oa·

537 1146 665 1216 Versus
679 1153 780 1220 finem
798 1160 926 1225 saeculi
943 1164 1095 1249 proxime
1122 1164 1188 1229 uoti
1207 1166 1309 1231 tertio
1338 1164 1553 1233 Venerabilis

494 1250 613 1337 Imago
629 1256 817 1341 peritorum
833 1264 983 1329 virorum
998 1266 1127 1351 judicio
1143 1268 1385 1353 subjectnlnit:
1397 1269 1490 1355 quod
1504 1269 1552 1334 ite

494 1356 620 1425 laetum
636 1369 696 1427 est
742 1364 801 1429 Dr.
818 1366 951 1453 Joseph
963 1366 1121 1455 Ignatius
1136 1370 1353 1452 Bartolache,
1369 1372 1428 1457 qui
1444 1371 1553 1436 Theo·

494 1462 605 1547 logiao
617 1470 652 1531 et
662 1464 685 1531 J
687 1468 962 1554 urisprudentiae
974 1494 1113 1559 operum
1126 1474 1277 1554 dederat,
1290 1476 1350 1561 qni
1362 1474 1550 1541 Medicinae

494 1565 645 1631 lauream
665 1568 875 1649 doctoralem
894 1574 1056 1655 obtinuit,
1079 1598 1211 1643 necnon
1233 1584 1268 1643 et
1287 1575 1495 1655 Matlreseos‚
1520 1582 1554 1643 et

495 1668 672 1756 Physicae,
684 1680 720 1739 et
735 1674 910 1743 Chimioae
926 1680 1147 1745 scientiarum
1174 1682 1308 1768 peritus
1323 1688 1486 1761 evaserat,
1503 1680 1551 1747 at

495 1796 562 1859 qne
586 1774 624 1840 in
643 1783 716 1842 erte
733 1780 895 1867 pingendi
912 1783 992 1870 plus
1023 1806 1125 1869 quarn
1141 1784 1376 1851 medriocritcr
1401 1784 1468 1851 fuit
1486 1784 1551 1850 ins-

494 1884 637 1959 tructus,
669 1885 804 1949 tertiam
820 1886 1068 1973 inspectionem
1085 1888 1362 1977 Guadalupensis
1390 1888 1552 1975 Imaginis

494 1985 568 2051 fieri
585 1991 726 2067 curavit
741 1998 844 2077 atque
860 1992 909 2057 ita
921 1996 1099 2080 processit:
1113 1992 1216 2081 Ayetl
1232 1992 1343 2059 simile
1368 1992 1420 2059 illi
1435 1992 1471 2057 iu
1486 2014 1551 2079 qno

496 2090 614 2175 Imago
632 2093 768 2180 depicta
782 2104 846 2173 eat,
875 2096 1049 2181 exquisita
1075 2094 1253 2185 diligentia
1279 2096 1361 2163 lecit
1375 2096 1551 2173 elaborari;

495 2202 598 2281 atque
626 2224 646 2264 a
659 2201 867 2285 Collegiatae
891 2204 1053 2291 Cupitulo
1070 2204 1221 2270 obtinuit
1245 2200 1283 2269 nt
1305 2203 1411 2269 Sacra
1425 2202 1549 2289 Imago,

496 2300 626 2386 absque
643 2306 816 2391 crystallo,
833 2330 854 2371 a
868 2307 1059 2394 pictoribus
1083 2307 1211 2383 electis,
1233 2312 1267 2373 et
1284 2328 1396 2372 eorem
1419 2306 1552 2395 publico

495 2404 690 2488 tabellione,
717 2415 753 2474 et
776 2410 853 2475 aliis
877 2412 1026 2478 testibus
1042 2410 1276 2497 inspiceretur:
1295 2434 1334 2477 ac
1349 2410 1482 2491 deinde,
1498 2412 1550 2495 qui

496 2513 679 2579 interillos
695 2514 845 2599 pictores
869 2516 913 2580 ab
939 2515 1025 2603 ipsis
1041 2516 1237 2601 eligeretur,
1266 2518 1299 2581 in
1328 2522 1449 2603 parato
1465 2516 1552 2601 ayatl

495 2618 677 2702 imaginem
693 2616 997 2705 Guedalupeneern
1023 2618 1235 2706 depingeret,
1252 2641 1339 2703 qnae
1356 2618 1550 2705 originalem

495 2746 565 2807 quo
581 2722 703 2787 melius
717 2722 792 2786 fieri
809 2736 929 2808 posset
946 2722 1107 2797 imitaret,
1138 2728 1287 2807 quatuor
1315 2722 1392 2789 aliie
1419 2720 1552 2809 pictori·

484 2825 561 2893 'bus
576 2828 754 2913 picturam,
772 2826 909 2912 quoties
932 2829 1136 2891 conveniens
1151 2826 1385 2892 existimarent
1413 2822 1552 2890 videnti·

496 2932 655 2997 liusdum
671 2933 858 3007 eiceretur,
872 2952 1029 3016 quaeque
1052 2930 1323 2996 'animadvertere
1354 2936 1551 2995 occurreret.

497 3036 854 3101 animadvertentibus

539 3138 636 3204 Haec
657 3140 879 3226 crgoImagO,
893 3162 981 3224 quae
1007 3140 1056 3203 ita
1084 3138 1227 3223 pulchra
1242 3138 1362 3211 evasit,
1387 3144 1425 3201 ut
1440 3158 1553 3201 omnes

497 3244 591 3309 illam
607 3244 868 3321 admirarentur;
879 3252 982 3329 atque
994 3242 1095 3307 etiarn
1108 3242 1175 3305 alia
1191 3245 1300 3327 imago
1313 3264 1333 3307 a
1348 3241 1389 3308 D.
1401 3240 1552 3327 Raplrael

497 3354 676 3421 Gutierrez
691 3354 850 3420 similiter
865 3355 901 3419 in
916 3354 1005 3441 (ryall
1020 3352 1166 3439 depicto,
1190 3352 1226 3417 in
1240 3352 1429 3417 Ecclesiam
1447 3350 1554 3417 Colle·

496 3464 623 3547 gietam
639 3464 805 3539 deductae
835 3476 925 3545 sunt,
955 3474 1085 3534 etcum
1116 3464 1273 3553 originali
1300 3460 1553 3547 (luadalnpensi

499 3566 649 3651 [megine
671 3577 960 3655 compararentur,
977 3570 1070 3655 qnod
1086 3570 1224 3657 quidem
1243 3592 1284 3637 eo
1301 3562 1466 3655 temporis
1481 3586 1553 3653 spa·

497 3671 557 3750 tio,
573 3678 677 3758 atque
693 3674 754 3740 ille
784 3674 962 3761 diligentia
981 3674 1188 3751 factumest,
1221 3683 1257 3741 nt
1273 3678 1391 3760 peritis
1421 3670 1554 3737 omnino

496 3772 595 3839 lieret
608 3774 702 3841 satis
727 3776 886 3863 Quinque
901 3776 1052 3865 pictores
1068 3799 1180 3843 coram
1208 3777 1347 3864 publico
1374 3774 1553 3843 tabellione

498 3875 760 3946 benefecerunt
780 3883 1079 3969 comparationem,
1104 3880 1236 3948 scilicet
1251 3880 1407 3947 Andreas
1438 3880 1552 3969 [iopen

540 4050 585 4125 (ι)
627 4051 730 4113 Uribe.
749 4054 872 4113 Dissert.
891 4055 970 4115 Hist.
987 4055 1050 4114 crit.
1068 4056 1154 4115 sobre
1184 4058 1211 4115 la
1226 4054 1399 4131 Aparicion,
1415 4068 1472 4114 etc.
1488 4054 1501 4129 ᾗ
1517 4052 1552 4107 1¹.

501 4150 657 4211 ·-Tornel.
674 4152 718 4212 La
746 4151 908 4231 Apariciou
924 4154 963 4213 de
980 4155 1015 4213 N.
1036 4152 1151 4215 Sellora
1165 4154 1204 4213 de
1233 4154 1422 4230 Guadalepe,
1442 4166 1513 4213 tom.
1532 4169 1553 4211 1.

498 4268 562 4327 cap.
581 4250 702 4312 la-v.
718 4252 907 4328 opusculum
924 4250 1081 4313 Michaelis
1095 4254 1234 4323 chrera,
1247 4264 1277 4313 et
1289 4252 1437 4331 pictorum
1452 4266 1550 4330 appro

497 4348 636 4413 batiouea
648 4349 680 4412 iu
697 4352 731 4412 ι·
741 4352 833 4413 Parte
846 4352 936 4428 hujus
952 4347 1187 4413 Dissertationis.
