3625 5217
784 678 848 747 273

291 870 352 917 rea
380 870 508 915 corona
522 848 742 917 decorabitur
756 849 876 937 majori
892 872 962 936 qua
976 850 1050 916 lieri
1066 852 1178 939 possit
1188 816 1351 941 'magnifi-

286 954 407 1032 centia,
439 952 495 1019 cui
524 951 736 1020 solemnitati
761 976 803 1020 ex
818 953 979 1019 universa
1007 954 1186 1021 Maricann
1202 956 1349 1023 Natione

286 1056 543 1144 copiosissimae
559 1056 762 1143 largitiones
778 1057 997 1143 colliguntur.

286 1384 351 1451 AD
366 1384 472 1450 IPSA
486 1382 781 1451 ARGUMENTA
795 1384 966 1451 NONUM
982 1386 1041 1451 ET
1067 1386 1351 1453 Damnum.-

371 1492 612 1561 Oosununrun
625 1514 812 1563 mannaan
837 1516 1111 1565 amunamoaun
1134 1499 1264 1565 Erana·

497 1616 596 1665 aamo
609 1618 653 1665 ar
681 1600 920 1667 Ooaraonamo
950 1620 1137 1668 maronica.
1265 1660 1268 1669 Δ

329 1768 477 1833 Deculta
492 1770 531 1835 B.
550 1770 595 1835 M.
621 1772 650 1837 V.
667 1771 705 1836 de
726 1770 914 1859 (leodelene
929 1774 963 1837 in
977 1774 1050 1839 eliis
1077 1774 1203 1860 propelle
1217 1780 1308 1839 cntra

370 1874 568 1939 micanum
582 1875 748 1954 notionem,
763 1882 791 1939 ct
805 1874 844 1939 de
857 1876 1136 1961 approbationibus
1149 1884 1266 1942 aalma·

649 2005 723 2049 rum
749 1982 988 2069 Episcopmum.

329 2153 428 2219 Anno
444 2154 579 2221 circiter
591 2156 675 2221 1655
687 2154 731 2221 de
746 2154 845 2221 Nova
859 2152 1032 2241 Hispania
1048 2154 1091 2219 ad
1101 2154 1192 2221 Peru
1207 2154 1352 2221 transla-

285 2259 342 2321 tus
357 2256 424 2322 fult
437 2256 506 2323 Pro
520 2258 597 2325 Rex
611 2258 809 2324 Ludovicns
824 2258 1023 2343 Heariquez
1039 2256 1081 2323 de
1097 2256 1262 2323 Guzman.
1282 2257 1351 2323 Hic

287 2362 347 2439 vir,
363 2360 545 2427 devotione
560 2384 641 2448 erga
655 2360 694 2425 B.
713 2361 759 2426 M.
777 2360 816 2427 V.
832 2360 876 2427 de
891 2360 1097 2447 Guadalupc
1114 2360 1240 2427 Mexici
1256 2383 1353 2426 cons-

287 2464 419 2553 picuus,
450 2466 511 2551 qui
526 2466 655 2532 cultum
670 2465 745 2551 ejus
768 2465 922 2550 impense
949 2464 1044 2543 fovit,
1062 2488 1138 2530 eum
1154 2487 1195 2530 ex
1225 2464 1353 2531 nostris

288 2568 463 2655 proiectus
477 2576 541 2648 est,
554 2568 742 2655 Imaginem
754 2568 867 2653 ipsius
881 2568 1054 2654 Deiparae
1070 2568 1113 2635 de
1136 2567 1351 2653 Guadalnpe,

287 2671 446 2758 originali
462 2672 680 2749 conformem,
696 2670 823 2737 detulit
837 2694 964 2751 seeum,
982 2670 1070 2738 ut‘et
1086 2672 1121 2737 in
1137 2671 1301 2759 periculis
1317 2672 1353 2736 in

288 2798 390 2852 mare,
406 2783 442 2841 et
457 2778 493 2841 in
517 2775 622 2842 rebus
636 2774 848 2841 difficillimis
863 2774 899 2840 in
915 2774 1010 2861 regni
1037 2774 1201 2861 regimine
1217 2774 1286 2841 sibi
1301 2797 1353 2841 es-

287 2884 341 2944 set
355 2882 556 2966 patrocinio.
601 2882 711 2968 Regia
725 2882 942 2949 solemnitate
966 2903 1097 2947 sacram
1112 2878 1302 2965 Imaginem
1316 2878 1353 2945 in

288 3004 407 3047 navem
422 2983 612 3053 introduxit
623 2985 659 3050 in
670 2991 783 3072 portu,
794 2985 850 3051 cui
865 3006 990 3050 nomen
1003 2982 1187 3069 Acapulco,
1203 2988 1307 3068 etque
1318 2981 1354 3047 in

288 3087 373 3152 urbe
388 3088 498 3167 Lima,
513 3094 549 3155 et
563 3089 600 3155 in
614 3090 706 3155 Peru
721 3094 792 3155 tam
815 3086 985 3153 mirabilis
1000 3086 1165 3173 imaginis
1195 3084 1353 3151 notitiam

287 3195 322 3255 et
337 3188 554 3257 devotionem
569 3192 693 3258 intulit.
738 3192 825 3259 Cum
838 3196 953 3256 autem
970 3212 1058 3255 anuo
1074 3190 1159 3255 1658
1178 3190 1296 3255 hostes
1311 3188 1353 3254 li·

287 3298 363 3359 tora
391 3292 595 3360 iulestantes
609 3301 703 3361 esset
718 3294 965 3371 debellaturus,
983 3293 1093 3379 ipsam
1111 3292 1249 3358 Sacram
1261 3293 1353 3357 Ima·

286 3392 399 3479 ginern
415 3391 458 3457 de
484 3392 690 3481 Gumlatupe
719 3416 836 3461 secum
865 3392 948 3459 tulit
977 3391 1021 3459 ad
1051 3398 1199 3479 portum,
1223 3392 1278 3459 cui
1294 3416 1354 3459 no-

286 3518 365 3563 men
394 3495 525 3575 Callae,
555 3502 659 3582 atque
698 3520 811 3563 eoram
837 3496 907 3577 illa,
936 3496 1076 3583 publica
1111 3495 1353 3583 deprecatione

287 3598 459 3686 Deiparae
489 3600 672 3666 clementia
697 3600 765 3668 fuit
786 3602 954 3677 invocata,
981 3598 1092 3665 Missa
1121 3598 1302 3678 celebrata,
1319 3603 1355 3663 et

288 3706 448 3769 concione
477 3703 599 3777 habita
627 3704 672 3770 ad
700 3704 879 3791 populum;
901 3702 1024 3769 civium
1047 3702 1241 3767 limantium
1272 3723 1353 3788 pars

287 3806 394 3891 major
410 3806 549 3873 adfuere
565 3806 669 3873 simul
685 3829 760 3873 cum
777 3806 846 3871 Pro
861 3806 973 3893 Rega-
989 3808 1092 3892 atque
1108 3804 1144 3870 in
1170 3804 1281 3891 Regia
1295 3826 1354 3870 na·

288 3912 330 3990 vi,
346 3912 383 3976 in
412 3916 533 3999 parato
549 3912 660 3993 altari
677 3912 755 4001 ipsa
780 3911 901 3998 Imago
932 3910 998 3977 init
1014 3909 1189 3989 collocata,
1206 3908 1354 3997 pulsatis

288 4014 462 4101 campanis
477 4014 647 4095 Civitatis,
663 4020 699 4084 et
730 4014 873 4083 militari
887 4014 1019 4083 honore
1051 4011 1355 4100 magnificentissi-

290 4138 352 4183 mo.
371 4119 416 4195 (1)
575 4128 580 4138 '

290 4236 415 4253 *u-

325 4292 369 4369 (ι)
413 4292 580 4365 Floreucia,
597 4295 724 4355 Estrella
737 4294 786 4355 dcl
801 4294 898 4353 Norte
913 4294 952 4353 de
968 4290 1096 4362 Mexico,
1113 4306 1177 4367 cap.
1196 4306 1243 4365 31,
1263 4286 1346 4347 mim.

283 4400 532 4568 &iz-figlinam,
547 4401 671 4487 Escudo
698 4401 738 4463 de
753 4402 863 4485 ttrmts
878 4400 918 4469 de
935 4396 1068 4487 tltnim,
1101 4393 1152 4477 lib„
1174 4412 1204 4493 g,
1219 4412 1284 4493 cap.
1305 4394 1351 4491 ξδ’
