3625 5217
850 636 913 705 241

342 808 516 873 mexiceus
546 808 814 889 innumerabilis,
841 815 877 875 et
905 810 1074 890 indorum,
1098 832 1185 896 quae
1202 808 1404 875 dicebantur

337 912 588 997 pcrcmlidadea.
634 913 729 979 Tunc
744 916 847 981 etiam
863 914 936 981 indi
960 913 1100 979 canticis
1116 912 1267 1000 propriis
1289 913 1403 999 Appa-

343 1014 478 1081 ritionis
507 1017 686 1083 historiam
711 1018 831 1083 festive
850 1018 1010 1083 cecinere.
1056 1017 1157 1100 Quod
1182 1018 1211 1082 si
1236 1016 1304 1081 Pro
1330 1016 1402 1082 Rex

343 1120 553 1203 processioni
568 1144 636 1186 non
648 1122 761 1208 potuit
777 1122 906 1199 adesse,
925 1123 989 1187 hoc
1013 1121 1245 1207 compensavit
1261 1120 1405 1186 solemni

343 1221 440 1300 leste,
457 1224 551 1309 qnod
577 1224 700 1291 deinde
717 1225 883 1291 celebrari
905 1225 987 1291 fecit
1002 1228 1037 1289 iu
1067 1224 1231 1289 honorem
1248 1224 1286 1289 B.
1304 1224 1350 1290 M.
1366 1224 1405 1289 V.

343 1326 385 1391 tle
400 1326 614 1414 Guatlalupe,
631 1328 702 1393 sire
718 1328 753 1394 in
769 1328 1055 1415 deprecationem,
1079 1328 1150 1394 sive
1167 1328 1202 1393 iu
1218 1326 1403 1415 gratiarum

345 1430 513 1495 actionem
529 1454 592 1521 pro
607 1432 755 1497 sanitate
771 1438 980 1519 recuperata.
1000 1434 1045 1517 (1)

384 1533 466 1619 Ipse
482 1533 523 1598 D.
534 1534 558 1599 J
559 1556 686 1600 oannes
701 1536 862 1621 Baptista
876 1538 1013 1616 Musica,
1041 1536 1321 1623 Gustlalupensis
1336 1540 1405 1621 Ap·

344 1636 523 1723 parittonis
539 1636 704 1708 inimicus,
721 1638 764 1703 de
782 1640 937 1705 indorum
955 1640 1095 1705 erraticis
1122 1640 1156 1704 in
1174 1640 1250 1726 ipsa
1280 1639 1405 1705 Metiri

344 1739 427 1805 urbe
440 1745 521 1805 tnnc
536 1740 735 1816 decantatis,
753 1744 881 1828 quibus
896 1742 1141 1829 Apparitiones
1158 1743 1294 1807 luerunt
1310 1766 1406 1809 snar-

344 1850 447 1921 ratae,
464 1866 662 1931 expressam
684 1848 827 1932 praehet
848 1846 1091 1913 testimonium.
1117 1848 1170 1912 En
1186 1847 1261 1933 ejus
1291 1846 1405 1911 rerba:

345 1946 587 2032 ‘'Desahogose
603 1949 635 2013 el
651 1949 763 2013 fervor
778 1972 821 2013 en
836 1948 971 2027 (latrans,
989 1948 1108 2027 baites,
1138 1952 1183 2033 (2)
1201 1948 1405 2037 prevenidos

345 2054 552 2141 coloquiosy
568 2061 722 2120 cantares
748 2056 790 2121 tle
807 2056 920 2119 intlios
944 2078 986 2119 en
1001 2077 1067 2139 que
1100 2076 1136 2119 se
1161 2056 1338 2117 mentaron
1354 2051 1405 2115 las

345 2160 586 2246 apariciones.‘'
605 2162 649 2241 (3)
664 2159 734 2225 Ubi
750 2165 903 2245 apparet,
931 2182 971 2223 ex
989 2158 1100 2245 ipsius
1117 2156 1245 2221 inimici
1277 2156 1406 2221 coufes-

345 2264 530 2340 sione,n0n
545 2264 656 2327 solum
672 2262 708 2325 in
733 2262 874 2327 ‹ruraticis
904 2258 1150 2347 Apparitioues
1175 2260 1213 2325 B.
1233 2260 1276 2323 M.
1307 2258 1345 2323 V.
1364 2258 1406 2324 de

348 2368 550 2452 Guatlalupe
567 2372 741 2431 enarratas
757 2365 874 2443 faisse,
892 2388 1009 2431 rerum
1035 2368 1137 2429 etiarn
1162 2366 1231 2451 piis
1247 2362 1407 2428 dramati·

345 2473 412 2537 bns
429 2474 476 2554 (4)
496 2477 574 2536 ante
590 2470 708 2535 oculos
734 2470 839 2535 fuisse
865 2468 1070 2556 propositas,
1089 2468 1300 2553 quodetiam
1317 2488 1408 2531 assc-

345 2578 391 2642 rit
406 2576 564 2641 Cabrera.
585 2577 629 2657 (5)

386 2680 634 2745 Intellexerunt
649 2678 773 2743 Metiri
789 2678 931 2753 incolae,
949 2676 1143 2743 teterrimae
1173 2675 1408 2741 inundationis

345 2782 567 2849 tribulatione
583 2782 704 2859 edocti,
720 2781 858 2867 dignius
875 2782 987 2846 adhuc
1003 2804 1105 2867 quarn
1119 2786 1198 2845 aute
1216 2778 1409 2845 consuevis-

345 2894 421 2953 sent
436 2884 617 2967 Deiparam
634 2886 678 2951 ab
694 2885 780 2973 ipsis
796 2884 1029 2950 honorandam
1047 2885 1082 2947 in
1098 2884 1239 2949 coelesti
1257 2884 1408 2969 lrnagine

346 2990 388 3057 tle
401 2990 611 3076 Guadalupe‚
623 2990 658 3054 in
671 3011 739 3075 qna
751 2989 867 3054 eximii
880 2990 1006 3055 attioris
1017 2990 1140 3073 p'gnus
1153 2988 1252 3053 nobis
1268 2988 1410 3073 reliquit

346 3097 479 3177 piisima
493 3098 607 3183 Virgo,
638 3096 739 3174 Hinc,
757 3096 807 3163 uti
824 3098 974 3162 cabrera
989 3100 1034 3180 (a)
1052 3096 1300 3173 animadvertit,
1316 3102 1410 3183 post·

346 3224 448 3287 quam
464 3202 568 3267 Sacra
583 3202 702 3287 Imago
729 3202 771 3266 tle
787 3202 914 3266 Marici
941 3202 1026 3265 urbe
1052 3201 1096 3267 sti
1126 3224 1225 3267 suurn
1257 3202 1410 3289 Tepepa-

390 3433 584 3506 (rlCabrera‚
602 3432 724 3491 Escudo
738 3432 777 3491 de
793 3436 904 3491 rlrntas
919 3432 957 3493 de
977 3433 1105 3505 lle'xic0‚
1136 3436 1184 3495 lib.
1218 3455 1244 3511 3,
1276 3455 1340 3511 cap.
1366 3438 1409 3497 18.

347 3552 429 3591 aum.
449 3551 481 3606 7¹
487 3552 514 3609 5,
530 3544 560 3591 et
581 3552 641 3608 seq.

387 3642 432 3715 (2)
475 3642 544 3697 Non
560 3638 666 3715 utique
681 3638 712 3697 in
728 3640 890 3715 prophanis
905 3640 1122 3713 saltationibus,
1140 3642 1191 3701 sed
1209 3642 1238 3699 in
1255 3641 1311 3701 illis
1327 3640 1411 3702 inno·

348 3737 401 3797 xiis
411 3737 538 3798 laetitiae
551 3737 870 3809 demonstrationibus,
882 3758 958 3815 quae
972 3738 1050 3801 indis
1062 3742 1093 3799 in
1106 3740 1187 3801 sestis
1200 3740 1342 3817 religiosis
1352 3742 1412 3803 die·

348 3840 403 3896 bus
423 3838 675 3897 concedebantur.

389 3940 433 4013 (3)
479 3938 576 3997 Disert
590 3948 662 3997 ante
678 3938 725 3998 cit.
743 3939 826 3999 ntinr.
853 3960 899 4013 ²4·

388 4039 431 4110 (4)
469 4040 504 4096 ln
520 4058 574 4097 usu
591 4040 673 4097 fuere
685 4039 742 4097 illis
758 4042 945 4116 temporibus
961 4042 1042 4119 apud
1059 4062 1114 4101 nos
1130 4043 1268 4103 dramata
1282 4042 1339 4121 pia,
1354 4043 1416 4120 qui·

350 4134 405 4191 bus
420 4153 463 4203 ea,
479 4154 555 4209 quae
570 4135 607 4194 ad
624 4133 768 4210 pietatem
784 4136 946 4212 pertinent,
970 4158 1038 4197 cunr
1055 4136 1219 4196 astantium
1236 4138 1417 4199 aedificatio·

341 4250 379 4294 ne
400 4234 711 4309 repraesentabantur.

378 4331 421 4405 (5)
466 4330 586 4391 Escuda
602 4332 640 4391 dc
656 4335 768 4393 Annas
780 4332 818 4391 de
832 4334 964 4407 Marica,
982 4335 1032 4395 lib.
1049 4354 1075 4430 ³)
1092 4354 1157 4416 cap.
1175 4338 1220 4429 (8ῚΞ
1236 4354 1323 4415 nuta.
1345 4342 1413 4430 με).Ι

375 4428 419 4511 (6)
462 4430 508 4491 Ib.
524 4428 607 4495 nam.
627 4444 735 4509 717et
751 4452 818 4513 seq.
1350 4426 1352 4431 ’
