3625 5217
789 532 830 602 89

324 711 340 787 l
349 696 499 773 Vallatus·
516 704 736 793 comprobatio
749 708 899 775 historica
913 710 1007 792 liujus
1035 711 1214 795 arqulneuli
1241 711 1273 774 iu
1303 712 1341 773 δῦ

284 816 373 881 Part
391 817 484 901 lajas
500 818 771 901 Dissertationis.)

498 990 827 1057 ARGUMENTUM
855 990 1121 1058 SECUNDUM.

291 1161 410 1227 Veritus
424 1164 649 1249 Appos-ilionis
658 1163 831 1229 ostenditur
840 1186 879 1229 er
892 1163 1081 1249 quibusdum
1105 1162 1342 1247 antiquissimu}

345 1265 566 1345 instrumentis,
584 1266 704 1351 quibus,
720 1266 796 1331 ctum
819 1267 919 1333 callus
936 1268 977 1332 B.
993 1266 1038 1331 M.
1074 1266 1105 1331 V.
1122 1266 1160 1330 de
1188 1265 1276 1333 Gun-

435 1366 696 1455 dulupesovelur,
712 1370 807 1435 eliam
825 1370 981 1434 asseritur
995 1368 1180 1456 Apparitio.

320 1501 372 1567 De
385 1500 462 1567 aliis
478 1500 630 1587 antiquis
659 1501 896 1568 instrumentis
911 1523 1024 1567 sermo
1038 1500 1105 1567 erit
1119 1500 1156 1567 in
1189 1499 1341 1587 Cbmpro·

282 1604 406 1682 talione,
422 1612 450 1669 el
467 1604 696 1690 Elrplunolioue
710 1604 860 1670 lielorieu
889 1604 1080 1691 argumenti
1106 1603 1200 1691 quod
1215 1626 1255 1669 ex
1271 1603 1341 1669 cul·

283 1714 319 1772 tu
348 1706 509 1773 continuo
538 1708 576 1773 B.
594 1707 632 1772 V.
650 1708 696 1773 M.
714 1706 757 1773 de
788 1706 992 1793 Guadalupe
1019 1705 1211 1772 desumitur
1227 1706 1271 1771 ad
1286 1728 1341 1772 os·

283 1815 484 1882 tendendam
514 1818 589 1903 ejus
610 1816 848 1903 Appa'itionis
875 1817 1062 1883 veritatem:
1093 1818 1160 1883 hoe
1188 1818 1265 1883 loeo
1279 1787 1341 1884 illa

281 1920 516 1987 tantummodo
531 1920 725 1988 meminisse
755 1926 893 2009 oportet
908 1922 944 1987 in
959 1922 1087 2008 quibus
1102 1924 1180 2011 ipsa
1194 1924 1340 2012 Appari·

281 2024 331 2090 tio
345 2046 504 2112 expresse
520 2030 686 2091 narratur.

323 2126 455 2193 Asserit
470 2126 639 2205 Boturini‚
657 2128 702 2213 (ll
734 2127 794 2213 qui
817 2128 1071 2215 quamplurima
1100 2128 1144 2195 ad
1159 2130 1339 2197 historiam

281 2234 432 2295 nostram
458 2230 665 2317 pertinentia
691 2230 952 2315 diligentissime
984 2232 1164 2317 congessit,
1195 2232 1288 2319 apud
1303 2256 1340 2301 se

281 2332 441 2399 habuisse
451 2338 691 2401 testamentum
705 2332 882 2419 eujusdam
893 2332 1061 2399 foeminae
1070 2334 1094 2401 J
1095 2335 1197 2401 oanni
1207 2336 1341 2404 Didaoo

281 2436 536 2525 propinquitate
553 2437 762 2522 cunjunctae,
791 2436 962 2502 mexicane
989 2438 1155 2525 seriptum
1172 2439 1207 2505 in
1223 2462 1264 2506 eo
1281 2462 1342 2527 pa·

280 2538 356 2627 piro
371 2562 441 2625 quo
469 2537 542 2603 indi
554 2538 746 2603 utebantur.
764 2536 806 2603 In
819 2537 879 2603 illo
892 2542 1098 2603 testamento
1113 2544 1148 2605 et
1158 2539 1341 2626 Apparitio

282 2642 320 2707 B.
337 2640 382 2706 Μ.
400 2639 438 2705 V.
456 2638 499 2705 de
515 2636 728 2723 Gundalupn,
742 2636 895 2704 Sabbato
907 2641 1045 2723 peracta
1062 2637 1290 2719 asserebatur,
1306 2646 1342 2707 et

282 2742 448 2831 quaedam
464 2739 606 2828 praedia
621 2739 749 2806 rustice
764 2741 838 2826 ejus
854 2744 993 2805 sanctae
1005 2740 1171 2828 Imaginis
1183 2741 1279 2809 cultu
1290 2742 1340 2809 fo·

282 2845 390 2913 vendo
402 2844 692 2931 relinquebantur.
721 2842 864 2909 Maximi
880 2843 1043 2909 momenti
1055 2843 1122 2910 hoc
1136 2844 1342 2912 instrumen-

282 2954 353 3015 tum
369 2970 444 3015 esse
461 2947 510 3014 ait
526 2945 694 3013 Boturini.

323 3052 401 3117 Hoo
414 3056 666 3127 testamentum,
682 3048 778 3135 juxta
792 3049 927 3127 'fornel
946 3052 991 3132 (2)
1008 3049 1098 3117 idem
1114 3076 1191 3119 esse
1206 3055 1342 3125 ridetur

282 3154 374 3239 quod
389 3152 692 3220 Eminentissimus
722 3152 919 3218 [lorenzana
949 3176 969 3217 a
984 3174 1020 3218 se
1037 3154 1147 3221 visum
1164 3160 1296 3239 asserit,
1322 3184 1343 3227 a

280 3255 303 3322 J
304 3278 414 3323 oanna
428 3256 586 3333 Martius,
602 3256 626 3323 J
627 3256 729 3321 oanni
751 3255 884 3321 Didaco
899 3256 1157 3343 propinquitate
1184 3261 1341 3347 conjunc-

279 3370 323 3439 ta,
335 3360 461 3425 fantum
482 3380 593 3424 eoram
613 3357 797 3423 tabellione
809 3358 956 3436 Mortales,
967 3360 1029 3445 qui
1040 3382 1082 3425 eo
1093 3360 1258 3450 iungebat
1270 3364 1341 3430 offi-

279 3463 334 3529 eio
345 3486 434 3529 anno
447 3462 540 3539 1559,
556 3460 592 3527 id
607 3466 662 3527 est
675 3462 717 3527 28
733 3461 831 3526 annis
846 3467 927 3547 post
954 3462 1224 3551 Apparitionem.
1270 3468 1342 3535 Un-

281 3566 322 3633 de
338 3564 554 3632 instrumenti
571 3563 759 3649 antiquitas
774 3562 964 3629 deducitur.

322 3670 382 3736 Dr.
398 3668 531 3757 Joseph
557 3667 728 3733 Patricius
739 3666 848 3735 Uribe
880 3667 926 3751 (3)
940 3672 975 3734 et
986 3668 1110 3736 Guridi
1139 3670 1340 3759 Aleoserlsl)

321 3842 366 3921 (ι)
398 3843 544 3919 catalogo
559 3840 609 3900 del
627 3842 736 3900 Museo
753 3840 893 3911 Indiaue,
914 3840 930 3919 §
944 3842 994 3918 36,
1010 3842 1091 3901 num.
1110 3865 1136 3917 4.

304 3944 367 4021 -(2)
411 3944 454 4003 La
468 3938 627 4017 Aparicion
646 3940 684 3999 de
700 3952 823 3998 suestra
837 3936 953 4001 Senora
966 3941 1006 4001 de
1021 3942 1201 4021 Guadalupe
1224 3943 1264 4004 de
1280 3946 1343 4007 Mt·

280 4042 562 4117 xic0,tom.1‚cap.
584 4058 609 4116 7,
626 4044 709 4099 num.
730 4036 787 4100 111,

316 4140 363 4221 (3)
406 4142 531 4203 Sermon
555 4136 600 4216 3=⁹
622 4140 662 4200 de
692 4138 730 4202 N.
747 4140 860 4200 Seuera
884 4138 925 4199 de
952 4138 1142 4216 Guadatupe.

315 4239 361 4323 (4)
402 4236 606 4319 Apologlade
634 4229 663 4299 la
688 4232 862 4320 Apuleios,
877 4247 947 4309 ets,
975 4252 1043 4318 mp·
1056 4238 1125 4312 XV,
1153 4240 1338 4317 uacaus'dt

280 4336 496 4409 instrumentis.
