3625 5217
775 464 817 535 97

310 638 454 707 Constat
467 646 604 727 praeter
633 640 752 719 relata,
781 638 875 727 typis
890 637 985 705 edita
998 661 1073 705 esse
1089 639 1207 705 eadem
1223 638 1266 705 de
1280 660 1328 718 rs,

269 742 323 808 vel
337 743 570 830 manuscripta
584 742 652 809 alia
678 742 736 829 pia
750 741 913 809 dramata
937 742 1123 828 Presbyter
1137 742 1179 808 D.
1196 740 1330 829 Jossph

268 844 438 911 Antonius
452 845 558 913 Peren
581 845 713 911 Foente
735 844 778 911 de
794 846 1019 931 Apparitione
1042 845 1162 911 drama
1190 844 1331 934 scripsit

270 948 455 1015 mexicanis
470 948 635 1025 versibus,
657 948 757 1014 initio
773 948 902 1014 saeculi
919 948 1053 1014 XVIII.
1072 950 1118 1029 (1)

314 1032 367 1100 Fr.
385 1034 525 1102 Rochus
539 1035 662 1121 Velujo
688 1033 730 1101 de
752 1034 871 1101 cadem
887 1056 924 1100 re
954 1034 1048 1099 aliud
1077 1033 1196 1099 drama
1224 1034 1375 1123 scrip-l

272 1136 326 1203 ait
372 1137 465 1223 ἐρυθ
479 1138 648 1225 tempore?
663 1160 731 1203 uon
743 1137 902 1224 exprimit
916 1136 1188 1223 bibliographos.
1207 1138 1253 1221 (2)

314 1240 419 1307 Aliud
434 1239 552 1307 drama
567 1240 761 1328 composuit
775 1242 816 1307 D.
833 1240 856 1307 J
858 1240 966 1327 ossph
982 1240 1133 1327 Bettran,
1145 1231 1334 1327 probabili·

273 1346 326 1406 ter
340 1341 394 1407 vel
409 1341 585 1410 desinente
601 1346 752 1431 proxime
776 1352 852 1413 acto
868 1346 1015 1425 saeculo,
1032 1346 1087 1413 vel
1107 1346 1208 1413 initio
1230 1346 1335 1435 hujus

274 1442 412 1507 saeculi.
435 1442 512 1509 Hoc
527 1442 645 1510 drama
659 1445 725 1512 iuit
740 1445 833 1533 typis
848 1446 991 1524 editum,
1008 1447 1053 1531 (3)

315 1544 412 1611 Nihil
424 1544 566 1613 dubium
578 1546 671 1635 quod
682 1548 857 1636 praedicta
867 1548 1022 1615 dramata
1030 1550 1336 1638 repraesentaban-

275 1662 340 1734 tur,
351 1656 511 1743 quoniam
524 1681 565 1725 eo
576 1658 642 1725 fine
654 1659 922 1726 elaborabantur
933 1660 1336 1750 Repraesentationesil·

276 1758 395 1838 lorum,
410 1760 506 1825 nullo
521 1760 783 1839 contradicente,
807 1762 986 1830 veritatem
1003 1763 1269 1850 Apparitionum
1292 1766 1337 1833 ab

277 1862 435 1929 omnibus
461 1862 644 1931 admissam
670 1863 913 1933 demonstrant
970 1866 1152 1933 Pastorum
1175 1890 1338 1936 assensus

278 1964 377 2053 plane
393 1972 536 2047 constat,
549 1968 710 2055 quoniam
726 1970 829 2035 etiam
843 1969 936 2057 typis
951 1970 1009 2036 edi
1024 1968 1066 2036 de
1079 1992 1120 2036 ea
1135 1993 1171 2037 re
1184 1971 1340 2037 dramata

279 2090 342 2134 sua
355 2069 494 2136 licentis
522 2072 765 2159 approbarunt
810 2073 925 2159 Atque
949 2072 1040 2139 idem
1071 2074 1220 2161 probant
1235 2074 1339 2140 stiam

279 2175 433 2242 dramata
448 2199 536 2263 quae
561 2182 823 2265 permanserunt
838 2177 1080 2265 manuscripta,
1093 2200 1135 2245 eo
1163 2178 1257 2266 quod
1272 2178 1339 2244 nisi

281 2308 360 2353 vera
368 2294 572 2365 manassent,
586 2286 762 2375 prohibita
777 2286 935 2366 fuissent3
951 2288 1111 2355 cumillis
1126 2288 1341 2377 temporibus
1397 2333 1400 2338 <

281 2388 317 2457 in
340 2389 394 2457 his
420 2390 579 2457 omnibus
595 2390 792 2457 auctoritati
821 2390 1004 2457 Pastorum
1034 2392 1342 2481 obtemperabatur

283 2492 484 2559 omnimode.

326 2612 418 2696 Quot
433 2618 546 2680 autem
561 2612 955 2701 vicibusAppuritiones
969 2614 1008 2679 B.
1025 2612 1071 2680 M.
1087 2614 1126 2681 V.
1144 2613 1187 2683 de
1203 2614 1344 2685 Guoda·

284 2718 364 2807 lupe
379 2718 448 2786 sint
459 2722 734 2807 repraesentatae
750 2717 886 2785 definiri
901 2740 971 2783 non
986 2722 1107 2806 potest

515 2916 852 2987 incursurum
867 2916 1108 3011 oussruu

328 3112 381 3179 Er
394 3110 569 3178 Annalibus
581 3110 775 3195 publicorum
789 3114 966 3187 mantuam,
979 3109 992 3173 i
995 3132 1016 3174 n
1031 3112 1142 3195 quitus
1155 3112 1194 3179 dc
1214 3110 1245 3179 0
1247 3078 1354 3177 11<qu-⁴

369 3210 488 3301 luperci
502 3209 713 3299 Apporitiore
728 3209 1077 3399 ffiwdw'ffl
1088 3210 1263 3300 Appositis

327 3488 370 3556 In
384 3484 596 3554 bibliotheca
606 3484 805 3551 Mexicanas
816 3482 1062 3553 Universitatis
1070 3486 1222 3554 Annales
1236 3507 1349 3555 serva·

285 3599 412 3667 bantur
425 3596 673 3683 ttaxcatlsnsss,
689 3593 818 3682 quibus
838 3593 904 3662 hoc
919 3596 1132 3679 mexicanum
1161 3597 1350 3689 antescrip-

286 3708 370 3771 tum:
385 3701 595 3787 summasque
608 3698 799 3777 mmmm,
815 3697 852 3765 id
874 3702 940 3779 est,⁴
953 3696 1120 3787 Sapientes
1132 3700 1189 3769 vel
1203 3700 1351 3771 Prodea-

308 3894 353 3972 (r)
370 3890 524 3963 Beristain‚
538 3888 657 3951 Bibliot
670 3898 722 3951 art.
738 3890 853 3949 Fuente
867 3890 903 3949 D.
917 3890 991 3966 Jose
1000 3889 1138 3953 Antonio
1148 3890 1356 3954 perez-Betui

290 3991 356 4065 riui,
366 3991 514 4071 catalogo
524 3988 574 4053 del
586 3989 697 4053 Museo
721 3986 862 4062 Indiaue,
873 3991 889 4067 ἓ
902 3991 1018 4066 XXIV,
1032 3994 1117 4055 urim.
1130 4008 1148 4072 5
1159 3986 1353 4070 cmxxxv,

291 4092 371 4157 adm.
388 4092 418 4153 8.
1091 4086 1096 4093 ’
1314 4134 1319 4145 ,
1355 4122 1359 4131 .

330 4187 376 4271 (2)
398 4184 555 4261 Beniamin.
570 4184 692 4253 Bibliot·
706 4140 760 4251 art.
776 4132 886 4265 Velujo
895 4128 950 4253 rr.
965 4188 1086 4268 Reque.

329 4287 375 4369 (3)
399 4286 558 4364 mnsam,
573 4286 697 4351 Bibliot.
712 4297 765 4352 aa
783 4286 906 4351 selum
922 4288 960 4351 D.
975 4288 1056 4366 lose
1194 4276 1203 4287 '
