3625 5217
791 514 855 581 149

290 674 477 753 notandum
492 684 584 753 hanc
598 686 712 775 ipsum
727 685 1001 775 impugnatorem
1024 706 1093 751 non
1110 706 1231 751 ausum
1247 684 1354 755 fuisso

290 787 411 855 lalssm
426 810 577 855 asserere
602 789 874 877 apparitionem,
902 787 965 855 sed
980 788 1216 855 tantummodo
1246 790 1354 857 incer-

291 897 371 957 tam:
386 892 436 957 ait
449 891 551 957 enim:
567 889 670 977 (urim.
683 894 747 971 25.)
765 892 838 958 “Ia
852 891 967 957 buena
979 912 1080 957 razon
1097 892 1176 979 pide
1192 892 1259 959 alo
1286 892 1354 961 md·

292 1016 363 1074 noa,
380 1016 447 1081 que
469 1016 515 1059 no
529 1017 566 1061 se
583 1002 696 1081 preste
711 1018 834 1063 aseuso
859 993 880 1060 t
896 996 1073 1061 narracion
1097 1002 1155 1061 tan
1182 998 1353 1063 iuoiertn.''

292 1100 406 1185 Atque
420 1100 456 1165 in
471 1099 538 1166 fine
567 1098 821 1167 dissertationis
836 1102 960 1165 asserit
990 1099 1118 1165 cultum
1136 1100 1174 1165 B.
1192 1100 1237 1165 M.
1256 1100 1293 1164 V.
1312 1100 1354 1165 do

293 1202 497 1289 Guadalnps
508 1203 747 1271 rationabilem
757 1210 794 1269 et
807 1202 937 1288 justum
951 1226 1036 1280 esse,
1053 1203 1223 1289 quidquid
1240 1202 1355 1267 credo·

293 1313 350 1373 tur
365 1304 408 1372 de
422 1306 498 1393 ejus
511 1306 807 1395 Apparitionibus.
830 1305 885 1370 En
900 1328 1005 1391 quam
1021 1328 1141 1393 parum
1169 1306 1236 1371 sibi
1254 1306 1355 1369 conti·

294 1409 346 1475 dit
367 1408 565 1497 praedictus
589 1409 816 1497 impugnator.
862 1408 1008 1491 Quando
1037 1408 1162 1475 biexici
1194 1414 1275 1474 nota
1291 1408 1357 1474 luit

294 1512 380 1578 haec
393 1510 600 1590 dissertatio,
617 1535 637 1578 s
652 1512 764 1579 doctis
779 1512 1009 1599 scriptoribus
1021 1512 1087 1577 luit
1103 1511 1310 1599 impugnata

337 1617 436 1681 Anno
447 1614 532 1681 1849
548 1616 641 1703 typis
655 1615 787 1681 editum
803 1614 869 1681 luit
884 1638 973 1703 opus
997 1615 1037 1679 D.
1069 1615 1092 1679 J
1095 1615 1201 1680 aliani
1231 1616 1356 1681 Tornel

295 1722 331 1784 01
343 1716 520 1797 Molldlt'il,
536 1718 591 1784 cui
607 1719 730 1785 titulus
747 1718 820 1782 “La
834 1718 1010 1803 Amrirlou
1028 1717 1070 1811 da
1081 1718 1219 1781 Al'roealra
1236 1718 1356 1783 Sator-o

295 1823 333 1885 dc
347 1821 536 1908 Guarralup»
544 1822 582 1885 de
593 1820 742 1887 rilrtrr'oof’
755 1820 869 1905 Atque
881 1824 915 1885 in
927 1842 968 1887 eo
978 1843 1091 1907 opere,
1105 1819 1139 1885 in
1152 1842 1221 1907 quo
1234 1822 1357 1887 iterum

296 1925 516 2013 impugnatur
544 1923 742 1989 dissertatio
768 1924 808 1988 D.
837 1924 983 1991 -Joannis
1014 1924 1193 2009 Baptistae
1221 1924 1357 2005 lluiror„

297 2028 516 2115 ipseMuiroz
528 2027 656 2093 dicitur·
672 2026 818 2091 ramleram
832 2026 1044 2112 impuprrodor
1059 2026 1101 2091 tle
1117 2026 1150 2091 la
1162 2028 1355 2114 Aparicion.

297 2142 344 2223 (l)
362 2138 416 2204 En
431 2136 676 2225 postmodium
692 2137 867 2201 saecolum
884 2136 997 2201 adhuc
1014 2135 1160 2201 habetur
1187 2142 1225 2200 ut
1240 2158 1358 2201 recens

298 2244 516 2331 impugnator
529 2238 769 2327 Apparitionis
784 2239 854 2317 ille,
885 2240 944 2325 qui
963 2238 1056 2303 illurn
1075 2238 1286 2323 impugnavit
1302 2264 1360 2307 an·

296 2346 449 2409 1101794.
496 2344 549 2409 En
564 2366 667 2429 quam
683 2346 749 2407 rari
767 2350 847 2409 sunt
877 2344 1134 2429 impugnatores
1162 2348 1358 2433 Appmitio·

298 2450 361 2528 nis,
391 2450 441 2515 ita
454 2456 493 2515 ut
510 2448 622 2513 adhuc
651 2471 740 2513 auno
755 2449 838 2513 1919
871 2471 958 2512 uuus
991 2447 1195 2513 militatione
1235 2452 1359 2533 <lignus

299 2552 498 2629 adducatur.

341 2654 427 2721 Cum
441 2674 516 2721 mos
530 2654 576 2721 sit
591 2654 767 2721 hodiernis
790 2655 1004 2741 temporibus
1021 2656 1161 2723 statutis
1177 2656 1300 2721 (liebus
1328 2660 1359 2721 ia

299 2756 393 2825 loliis
404 2757 561 2837 scribere,
573 2781 662 2845 quae
674 2760 798 2827 deinde
810 2761 846 2825 in
861 2761 1033 2825 volumina
1046 2760 1258 2845 redigunturr
1272 2761 1306 2826 in
1322 2762 1363 2827 il-

299 2864 342 2928 lis
357 2858 449 2925 foliis
471 2859 636 2929 adversus
666 2862 927 2951 Apparitionem
955 2864 993 2927 B.
1011 2864 1058 2929 11.
1072 2864 1110 2928 V.
1128 2864 1171 2929 cle
1187 2863 1362 2931 Guadalu·

300 2988 342 3053 pe
358 2962 463 3030 scribi
493 2964 581 3029 solet
607 2966 747 3045 abillis,
764 2966 825 3052 qui
841 2967 883 3031 dc
900 2966 1073 3054 religiosis
1089 2962 1192 3032 rebus
1207 2988 1276 3032 non
1290 2990 1361 3034 rec·

300 3076 333 3134 te
349 3069 510 3143 sentiunt
539 3089 655 3133 rerum
682 3067 785 3133 etiarn
802 3068 958 3134 scribunt
986 3090 1047 3153 pro
1064 3067 1288 3153 Apparitione
1304 3054 1362 3133 de·

300 3167 470 3239 tendenda
484 3168 643 3235 catholici
666 3168 738 3234 riri.

343 3276 438 3358 Quae
454 3295 530 3339 cum
545 3273 595 3339 ita
609 3274 689 3351 sint,
705 3274 801 3339 aliud
816 3275 951 3359 exurgit
964 3280 1199 3361 argumentum
1217 3275 1260 3339 ad
1273 3298 1362 3341 com-

300 3374 511 3464 probandam
525 3376 762 3463 Apparitiouis
789 3377 1067 3465 Guadalupensis
1091 3378 1276 3443 veritatem.
1324 3380 1362 3446 si

301 3479 391 3547 enim
406 3479 473 3545 hoe
487 3478 689 3545 miraculum
704 3479 746 3546 de
759 3479 829 3547 illis
845 3488 946 3557 esset,
959 3504 1047 3567 (luae
1064 3481 1168 3545 semol
1184 3480 1228 3544 ab
1244 3482 1363 3569 aliquo

301 3580 485 3650 Ordinatio
499 3582 700 3671 approbata,
717 3582 854 3649 illorum
870 3584 1034 3648 memoria
1057 3584 1293 3650 tantummodo
1310 3610 1363 3651 as·

301 3689 456 3753 servatur
467 3687 501 3751 iu
515 3685 662 3772 juridico
675 3686 908 3775 manuscripto
922 3686 955 3751 in
968 3686 1106 3751 archivi
1121 3686 1268 3772 alicujus
1285 3691 1361 3777 pul-

301 3811 380 3857 vere
395 3789 543 3876 sepulto
559 3794 620 3855 aut
633 3790 779 3857 fortasse
794 3790 830 3857 in
855 3791 921 3855 hoc
937 3794 996 3855 aut
1012 3788 1072 3853 illo
1088 3789 1146 3877 prio
1177 3790 1266 3857 libro
1283 3817 1360 3879 cog·
1418 3771 1425 3786 ⁸

343 3965 388 4037 (r)
430 3964 517 4023 Tom.
539 3964 813 4041 1,operis.cap.r.
843 3966 1093 4041 num.4r:quod
1124 3978 1223 4025 cutem
1242 3966 1363 4027 dellu-

304 4046 360 4105 fioz
372 4044 416 4137 ibi
427 4046 563 4123 loquatur
576 4058 699 4123 apparet
715 4068 750 4107 ex
761 4067 799 4109 eo
812 4049 895 4127 quod
912 4066 972 4107 non
988 4048 1063 4105 alius
1080 4044 1134 4105 nisi
1152 4047 1266 4107 llutos
1281 4047 1310 4108 in
1326 4068 1363 4110 eo

302 4144 393 4205 opere
407 4136 605 4211 impugnatur.
1239 4206 1280 4275 19
