3625 5217
781 594 846 675 205

292 776 441 850 motione
455 782 560 848 verba
574 780 665 848 iacit.
723 781 819 865 Quae
835 780 878 847 de
901 780 968 847 hoc
997 778 1138 867 scripsit
1162 774 1360 867 praedictus

291 891 421 965 auctor,
446 888 546 951 affert
561 883 605 949 ad
619 884 778 964 litteram,
795 883 832 950 P.
862 882 1044 949 Florencia
1084 883 1129 967 (l)
1156 882 1226 949 Hic
1241 886 1360 951 auctor

290 994 386 1080 juxta
399 993 579 1059 Florencia
608 993 656 1076 (2)
673 992 717 1057 ad
728 991 945 1073 Pporinciam
971 992 995 1059 J
996 996 1183 1060 esuitarnm
1215 1000 1360 1064 mexica-

289 1139 368 1182 nam
383 1114 591 1202 pertinebat3
606 1113 668 1180 sed
698 1112 829 1197 origine
845 1117 984 1179 exterus
996 1114 1070 1181 init.
1117 1116 1197 1184 Sive
1214 1118 1361 1185 mexica-

291 1242 381 1297 nnm‚
398 1217 469 1283 sive
486 1224 642 1284 exterum
658 1216 785 1281 habeat
799 1214 898 1280 illum
917 1216 1032 1284 lector.

334 1394 406 1459 129.
429 1392 549 1456 Allosa
563 1390 600 1455 P.
617 1390 641 1456 J
641 1410 778 1464 oannes,
792 1386 865 1451 Soc.
882 1386 906 1452 J
907 1410 978 1469 esu,
995 1390 1031 1455 in
1046 1414 1148 1477 opere
1165 1394 1218 1459 oui
1234 1394 1361 1463 titulus

297 1495 379 1563 Uicto
392 1493 555 1559 eatretiodo
569 1493 607 1557 dc
637 1491 760 1567 Μανία,
790 1490 849 1555 lib.
874 1491 905 1568 4,
923 1514 994 1579 cap.
1015 1498 1042 1571 l,
1059 1498 1076 1575 ξ
1093 1496 1143 1573 18,
1168 1488 1275 1564 refert
1289 1505 1360 1567 tres

293 1594 536 1684 Appariticnes
551 1593 590 1659 B.
606 1593 652 1658 M.
668 1593 707 1659 V.
738 1591 818 1657 indo
833 1616 908 1659 sese
925 1594 1101 1677 exhibens,
1119 1604 1154 1665 et
1167 1600 1280 1681 flores,
1299 1604 1361 1670 mi-

293 1698 447 1765 raculose
463 1704 566 1776 ortas,
579 1697 624 1762 ab
639 1696 717 1783 ipsa
730 1694 871 1781 'Virgine
887 1702 1057 1785 acceptas,
1074 1706 1109 1767 et
1123 1701 1299 1793 Episcopo
1315 1708 1360 1773 ab
1482 1728 1485 1735 ’

293 1798 374 1865 indo
389 1798 531 1876 delatas,
559 1803 595 1863 ct
609 1794 798 1882 Imaginem
829 1796 1128 1884 Gundelupensem
1156 1804 1362 1875 mirabiliter

285 1927 334 1970 -ex
347 1902 489 1969 floribus
504 1900 684 1988 depictam.
729 1898 902 1981 Quantum
919 1900 962 1966 ad
978 1903 1113 1989 aliquas
1127 1906 1360 1977 miraculi'cir.

294 2006 505 2073 constantias
514 2026 582 2069 non
592 2007 747 2069 accurate
759 2004 913 2088 loquitur
925 2004 982 2069 hic
992 2012 1119 2075 auctor.
1134 2010 1361 2083 Excusandus

293 2110 453 2195 quoniam
468 2111 605 2173 exterus
632 2112 692 2171 est.
737 2106 923 2191 Exemplar
938 2105 1042 2192 hujus
1072 2112 1187 2197 operis
1203 2124 1360 2184 servatur

295 2227 329 2291 in
344 2209 563 2276 Bibliotheca
575 2207 716 2293 publica
727 2205 1032 2286 Guadelaxarenffl,
1070 2216 1139 2299 typ.
1154 2215 1283 2285 editum
1301 2242 1361 2286 en·

295 2339 339 2381 no
354 2312 447 2379 1691.
472 2310 541 2377 Sed
556 2333 645 2398 opus
660 2310 839 2396 antiquius
868 2316 932 2388 est,
949 2314 1111 2396 qnoniam
1142 2318 1325 2393 adducitur
1341 2352 1362 2395 a

294 2415 473 2485 Florencia
488 2414 524 2479 in
539 2435 653 2501 opero,
664 2412 720 2478 cui
732 2413 857 2479 titulus
873 2414 1008 2479 [intralia
1023 2416 1072 2481 del
1088 2418 1188 2487 Norte
1201 2423 1239 2489 dc
1255 2427 1361 2499 Meni-

295 2545 338 2599 co,
356 2522 402 2603 (3)
418 2516 513 2603 qnod
527 2516 757 2604 approbatum
773 2514 840 2581 fnit
855 2539 945 2581 anno
962 2518 1052 2584 1686.

337 2711 407 2775 130.
429 2706 586 2773 Miralles
603 2705 670 2788 (vel
687 2705 837 2787 Mortales)
852 2704 887 2770 P.
903 2706 1185 2797 Christophorus,
1214 2717 1286 2786 Soc.
1303 2724 1326 2790 J
1328 2748 1362 2792 0.

295 2838 344 2883 su·
356 2816 391 2882 in
403 2837 516 2902 opere,
534 2814 589 2879 cui
606 2814 728 2879 titulus
743 2816 936 2897 Anoqronuc
952 2815 990 2881 de
1003 2814 1109 2883 Senta
1120 2821 1209 2887 Boeo
1223 2826 1262 2891 de
1277 2826 1362 2894 San·
1441 2856 1448 2870 ·

273 2920 462 3002 ⁴latioris.
501 2916 584 3005 Typ.
601 2917 743 2996 editum,
774 2918 870 3003 juxta
890 2918 1179 3015 ¹Oquendo‚anno
1207 2928 1301 3009 1697,
1318 2931 1361 3001 de

296 3030 450 3119 Imagine
466 3030 737 3115 Guadalupenst
755 3029 959 3097 miraculose
983 3030 1121 3119 depicta
1136 3059 1177 3102 ex
1207 3038 1361 3121 floribus,

295 3134 400 3201 rerba
413 3134 504 3199 facit.
522 3136 569 3217 (4)

340 3326 409 3390 131.
436 3323 622 3391 SchererP
623 3375 709 3389 .....
730 3323 796 3387 Soc
808 3324 903 3404 Jesu,
917 3316 1196 3415 Guadnlnpensis
1209 3330 1363 3420 Virginis

296 3428 449 3495 meminit
463 3427 500 3493 in
514 3449 626 3514 opere,
644 3427 699 3491 cui
714 3426 839 3493 titulus
854 3430 948 3493 Atlas
964 3433 1131 3499 Mariano.
1157 3436 1203 3518 (5)

337 3710 381 3785 (r)
424 3706 550 3766 Estrelta
565 3705 614 3764 det
632 3705 727 3763 Nortc
741 3705 780 3764 de
797 3704 929 3779 Mexico,
945 3726 1009 3785 cap.
1028 3726 1058 3782 x,
1076 3710 1091 3785 ξ
1121 3730 1148 3787 3.

337 3806 381 3882 (π)
423 3804 635 3877 lb.ni1m.77.

336 3909 381 3984 (3)
427 3908 499 3983 Cap.
535 3928 580 3981 14.
596 3912 677 3968 nam.
700 3908 843 3969 189.-V.
875 3911 975 3985 etiam,
1009 3910 1115 3971 Gnridi
1145 3912 1279 3988 Alcoser,
1311 3910 1363 3971 ubi

303 4025 399 4085 supra.

337 4109 381 4185 (4)
424 4109 590 4185 Oquendc,
607 4108 658 4168 ubi
687 4128 784 4186 snpra,
813 4110 897 4169 nrtm.
916 4108 1136 4188 499.-Guridi
1160 4110 1295 4179 Alcosen
1313 4106 1364 4167 ubi

298 4228 392 4370 suisti,
419 4295 527 4359 Guridi
543 4296 677 4375 Atcoser‚
692 4293 743 4355 nbi
759 4310 856 4369 snpra.

1236 4368 1280 4437 26
