<?xml version="1.0" encoding="UTF-8"?>
<!DOCTYPE html PUBLIC "-//W3C//DTD XHTML 1.0 Transitional//EN"
    "http://www.w3.org/TR/xhtml1/DTD/xhtml1-transitional.dtd">
<html xmlns="http://www.w3.org/1999/xhtml" xml:lang="en" lang="en">
 <head>
  <title>
</title>
<meta http-equiv="Content-Type" content="text/html;charset=utf-8" />
  <meta name='ocr-system' content='tesseract 3.04.00' />
  <meta name='ocr-capabilities' content='ocr_page ocr_carea ocr_par ocr_line ocrx_word'/>
</head>
<body>
  <div class='ocr_page' id='page_1' title='image "./dissertatiohist00rosagoog_0248.png"; bbox 0 0 3625 5217; ppageno 0'>
   <div class='ocr_carea' id='block_1_1' title="bbox 956 486 1022 557">
    <p class='ocr_par' dir='ltr' id='par_1_1' title="bbox 956 486 1022 557">
     <span class='ocr_line' id='line_1_1' title="bbox 956 486 1022 557; baseline 0 0"><span class='ocrx_word' id='word_1_1' title='bbox 956 486 1022 557; x_wconf 79' lang='lat'><strong>244</strong></span> 
     </span>
    </p>
   </div>
   <div class='ocr_carea' id='block_1_2' title="bbox 448 662 1518 1597">
    <p class='ocr_par' dir='ltr' id='par_1_2' title="bbox 448 662 1518 1597">
     <span class='ocr_line' id='line_1_2' title="bbox 450 662 1518 753; baseline -0.002 -22"><span class='ocrx_word' id='word_1_2' title='bbox 450 663 622 753; x_wconf 75' lang='lat' dir='ltr'>Imagines</span> <span class='ocrx_word' id='word_1_3' title='bbox 638 666 674 730; x_wconf 92' lang='lat' dir='ltr'><strong>in</strong></span> <span class='ocrx_word' id='word_1_4' title='bbox 697 668 771 752; x_wconf 89' lang='lat' dir='ltr'><strong>ipso</strong></span> <span class='ocrx_word' id='word_1_5' title='bbox 801 664 944 753; x_wconf 83' lang='lat' dir='ltr'><strong>Templo</strong></span> <span class='ocrx_word' id='word_1_6' title='bbox 960 665 1099 732; x_wconf 86' lang='lat' dir='ltr'><strong>fuerunt</strong></span> <span class='ocrx_word' id='word_1_7' title='bbox 1125 665 1319 731; x_wconf 75' lang='lat' dir='ltr'>collocatae.</span> <span class='ocrx_word' id='word_1_8' title='bbox 1339 666 1384 749; x_wconf 82' lang='lat'><strong>(1)</strong></span> <span class='ocrx_word' id='word_1_9' title='bbox 1415 662 1518 729; x_wconf 86' lang='lat' dir='ltr'><strong>Prae·</strong></span> 
     </span>
     <span class='ocr_line' id='line_1_3' title="bbox 450 767 1517 855; baseline -0.004 -18"><span class='ocrx_word' id='word_1_10' title='bbox 450 771 562 837; x_wconf 88' lang='lat' dir='ltr'><strong>dictus</strong></span> <span class='ocrx_word' id='word_1_11' title='bbox 579 770 741 848; x_wconf 75' lang='lat' dir='ltr'><strong>Antiates,</strong></span> <span class='ocrx_word' id='word_1_12' title='bbox 759 772 869 836; x_wconf 87' lang='lat' dir='ltr'><strong>etalii</strong></span> <span class='ocrx_word' id='word_1_13' title='bbox 891 772 961 837; x_wconf 85' lang='lat' dir='ltr'><strong>duo</strong></span> <span class='ocrx_word' id='word_1_14' title='bbox 977 770 1184 837; x_wconf 82' lang='lat' dir='ltr'><strong>nobilissimi</strong></span> <span class='ocrx_word' id='word_1_15' title='bbox 1200 770 1262 835; x_wconf 82' lang='lat' dir='ltr'><strong>riri</strong></span> <span class='ocrx_word' id='word_1_16' title='bbox 1280 769 1429 855; x_wconf 85' lang='lat' dir='ltr'><strong>insigues</strong></span> <span class='ocrx_word' id='word_1_17' title='bbox 1444 767 1517 833; x_wconf 84' lang='lat' dir='ltr'><strong>lue·</strong></span> 
     </span>
     <span class='ocr_line' id='line_1_4' title="bbox 449 880 1517 969; baseline -0.005 -21"><span class='ocrx_word' id='word_1_18' title='bbox 449 906 485 949; x_wconf 89' lang='lat' dir='ltr'><strong>re</strong></span> <span class='ocrx_word' id='word_1_19' title='bbox 501 881 778 968; x_wconf 81' lang='lat' dir='ltr'><strong>Guadalupensis</strong></span> <span class='ocrx_word' id='word_1_20' title='bbox 793 882 927 969; x_wconf 85' lang='lat' dir='ltr'><strong>Templi</strong></span> <span class='ocrx_word' id='word_1_21' title='bbox 944 883 1186 949; x_wconf 82' lang='lat' dir='ltr'><strong>benefactores.</strong></span> <span class='ocrx_word' id='word_1_22' title='bbox 1217 882 1263 963; x_wconf 76' lang='grc'><strong>(2)</strong></span> <span class='ocrx_word' id='word_1_23' title='bbox 1280 881 1390 963; x_wconf 81' lang='lat' dir='ltr'><strong>Quam</strong></span> <span class='ocrx_word' id='word_1_24' title='bbox 1417 880 1517 945; x_wconf 83' lang='lat' dir='ltr'><strong>ditis·</strong></span> 
     </span>
     <span class='ocr_line' id='line_1_5' title="bbox 449 982 1515 1073; baseline -0.002 -24"><span class='ocrx_word' id='word_1_25' title='bbox 449 986 534 1050; x_wconf 88' lang='lat' dir='ltr'><strong>sime</strong></span> <span class='ocrx_word' id='word_1_26' title='bbox 560 986 773 1071; x_wconf 67' lang='lat' dir='ltr'><strong>prraedictum</strong></span> <span class='ocrx_word' id='word_1_27' title='bbox 801 987 966 1073; x_wconf 89' lang='lat' dir='ltr'><strong>templum</strong></span> <span class='ocrx_word' id='word_1_28' title='bbox 984 987 1211 1065; x_wconf 85' lang='lat' dir='ltr'><strong>decoraretur,</strong></span> <span class='ocrx_word' id='word_1_29' title='bbox 1229 991 1263 1050; x_wconf 88' lang='lat' dir='ltr'><strong>et</strong></span> <span class='ocrx_word' id='word_1_30' title='bbox 1279 982 1515 1059; x_wconf 76' lang='lat' dir='ltr'><strong>Sacerdotem,</strong></span> 
     </span>
     <span class='ocr_line' id='line_1_6' title="bbox 449 1086 1516 1175; baseline -0.001 -23"><span class='ocrx_word' id='word_1_31' title='bbox 449 1088 510 1173; x_wconf 88' lang='lat' dir='ltr'><strong>qui</strong></span> <span class='ocrx_word' id='word_1_32' title='bbox 525 1090 598 1172; x_wconf 87' lang='lat' dir='ltr'><strong>ejus</strong></span> <span class='ocrx_word' id='word_1_33' title='bbox 615 1110 729 1152; x_wconf 86' lang='lat' dir='ltr'><strong>curam</strong></span> <span class='ocrx_word' id='word_1_34' title='bbox 745 1088 919 1171; x_wconf 74' lang='lat' dir='ltr'>gerebant,</span> <span class='ocrx_word' id='word_1_35' title='bbox 937 1091 1125 1175; x_wconf 80' lang='lat' dir='ltr'><strong>diligentia,</strong></span> <span class='ocrx_word' id='word_1_36' title='bbox 1143 1094 1178 1155; x_wconf 85' lang='lat' dir='ltr'><strong>et</strong></span> <span class='ocrx_word' id='word_1_37' title='bbox 1202 1088 1347 1153; x_wconf 87' lang='lat' dir='ltr'><strong>divitum</strong></span> <span class='ocrx_word' id='word_1_38' title='bbox 1364 1086 1516 1151; x_wconf 85' lang='lat' dir='ltr'><strong>virorum</strong></span> 
     </span>
     <span class='ocr_line' id='line_1_7' title="bbox 449 1191 1514 1277; baseline -0.004 -21"><span class='ocrx_word' id='word_1_39' title='bbox 449 1191 698 1277; x_wconf 74' lang='lat' dir='ltr'><strong>largitionibus,</strong></span> <span class='ocrx_word' id='word_1_40' title='bbox 730 1198 765 1255; x_wconf 91' lang='lat' dir='ltr'><strong>et</strong></span> <span class='ocrx_word' id='word_1_41' title='bbox 780 1192 925 1257; x_wconf 90' lang='lat' dir='ltr'><strong>aliorum</strong></span> <span class='ocrx_word' id='word_1_42' title='bbox 941 1194 1094 1258; x_wconf 84' lang='lat' dir='ltr'><strong>fidelium</strong></span> <span class='ocrx_word' id='word_1_43' title='bbox 1111 1193 1347 1277; x_wconf 72' lang='lat' dir='ltr'><strong>eleemosynis,</strong></span> <span class='ocrx_word' id='word_1_44' title='bbox 1365 1194 1461 1277; x_wconf 68' lang='lat' dir='ltr'><strong>pretet</strong></span> <span class='ocrx_word' id='word_1_45' title='bbox 1473 1210 1514 1253; x_wconf 82' lang='lat' dir='ltr'><strong>ex</strong></span> 
     </span>
     <span class='ocr_line' id='line_1_8' title="bbox 448 1292 1516 1382; baseline -0.004 -23"><span class='ocrx_word' id='word_1_46' title='bbox 448 1294 637 1371; x_wconf 84' lang='lat' dir='ltr'><strong>Florencia,</strong></span> <span class='ocrx_word' id='word_1_47' title='bbox 654 1296 714 1379; x_wconf 90' lang='lat' dir='ltr'><strong>qui</strong></span> <span class='ocrx_word' id='word_1_48' title='bbox 730 1294 1010 1381; x_wconf 73' lang='lat' dir='ltr'><strong>Tepeyaquensis</strong></span> <span class='ocrx_word' id='word_1_49' title='bbox 1040 1296 1174 1382; x_wconf 85' lang='lat' dir='ltr'><strong>Templi</strong></span> <span class='ocrx_word' id='word_1_50' title='bbox 1205 1296 1343 1363; x_wconf 82' lang='lat' dir='ltr'><strong>divitias</strong></span> <span class='ocrx_word' id='word_1_51' title='bbox 1369 1292 1516 1377; x_wconf 80' lang='lat' dir='ltr'><strong>diligen-</strong></span> 
     </span>
     <span class='ocr_line' id='line_1_9' title="bbox 450 1402 1516 1489; baseline 0 -25"><span class='ocrx_word' id='word_1_52' title='bbox 450 1405 501 1465; x_wconf 86' lang='lat' dir='ltr'><strong>ter</strong></span> <span class='ocrx_word' id='word_1_53' title='bbox 516 1408 639 1467; x_wconf 81' lang='lat' dir='ltr'><strong>rrarrat.</strong></span> <span class='ocrx_word' id='word_1_54' title='bbox 660 1406 705 1483; x_wconf 84' lang='grc'><strong>(3)</strong></span> <span class='ocrx_word' id='word_1_55' title='bbox 718 1404 835 1471; x_wconf 86' lang='lat' dir='ltr'><strong>Solius</strong></span> <span class='ocrx_word' id='word_1_56' title='bbox 847 1404 978 1472; x_wconf 79' lang='lat' dir='ltr'><strong>Altaria</strong></span> <span class='ocrx_word' id='word_1_57' title='bbox 995 1404 1142 1489; x_wconf 88' lang='lat' dir='ltr'><strong>majoris,</strong></span> <span class='ocrx_word' id='word_1_58' title='bbox 1170 1404 1205 1467; x_wconf 87' lang='lat' dir='ltr'><strong>in</strong></span> <span class='ocrx_word' id='word_1_59' title='bbox 1222 1426 1291 1489; x_wconf 89' lang='lat' dir='ltr'><strong>quo</strong></span> <span class='ocrx_word' id='word_1_60' title='bbox 1308 1406 1411 1468; x_wconf 81' lang='lat' dir='ltr'><strong>Sacra</strong></span> <span class='ocrx_word' id='word_1_61' title='bbox 1424 1402 1516 1465; x_wconf 87' lang='lat' dir='ltr'><strong>Ima·</strong></span> 
     </span>
     <span class='ocr_line' id='line_1_10' title="bbox 448 1506 1514 1597; baseline -0.003 -27"><span class='ocrx_word' id='word_1_62' title='bbox 448 1530 492 1593; x_wconf 82' lang='lat' dir='ltr'><strong>go</strong></span> <span class='ocrx_word' id='word_1_63' title='bbox 517 1506 560 1573; x_wconf 88' lang='lat' dir='ltr'><strong>de</strong></span> <span class='ocrx_word' id='word_1_64' title='bbox 590 1509 794 1597; x_wconf 86' lang='lat' dir='ltr'><strong>Guadalupe</strong></span> <span class='ocrx_word' id='word_1_65' title='bbox 821 1513 1058 1590; x_wconf 85' lang='lat' dir='ltr'><strong>venerabatur,</strong></span> <span class='ocrx_word' id='word_1_66' title='bbox 1092 1510 1302 1575; x_wconf 73' lang='lat' dir='ltr'><strong>constructio</strong></span> <span class='ocrx_word' id='word_1_67' title='bbox 1329 1507 1514 1594; x_wconf 79' lang='lat' dir='ltr'><strong>plusquam</strong></span> 
     </span>
    </p>
   </div>
   <div class='ocr_carea' id='block_1_3' title="bbox 446 1616 1514 2742">
    <p class='ocr_par' dir='ltr' id='par_1_3' title="bbox 448 1616 1514 1913">
     <span class='ocr_line' id='line_1_11' title="bbox 448 1616 1514 1707; baseline -0.002 -26"><span class='ocrx_word' id='word_1_68' title='bbox 448 1618 629 1682; x_wconf 87' lang='lat' dir='ltr'><strong>duodecim</strong></span> <span class='ocrx_word' id='word_1_69' title='bbox 645 1620 737 1685; x_wconf 90' lang='lat' dir='ltr'><strong>mille</strong></span> <span class='ocrx_word' id='word_1_70' title='bbox 754 1624 901 1687; x_wconf 80' lang='lat' dir='ltr'><strong>nummis</strong></span> <span class='ocrx_word' id='word_1_71' title='bbox 918 1622 1089 1707; x_wconf 77' lang='lat' dir='ltr'><strong>argenteis</strong></span> <span class='ocrx_word' id='word_1_72' title='bbox 1120 1620 1301 1685; x_wconf 86' lang='lat' dir='ltr'><strong>aestimata</strong></span> <span class='ocrx_word' id='word_1_73' title='bbox 1316 1616 1392 1693; x_wconf 67' lang='lat' dir='ltr'><strong>luia</strong></span> <span class='ocrx_word' id='word_1_74' title='bbox 1408 1622 1514 1701; x_wconf 82' lang='lat' dir='ltr'><strong>atque</strong></span> 
     </span>
     <span class='ocr_line' id='line_1_12' title="bbox 449 1717 1514 1810; baseline -0.002 -26"><span class='ocrx_word' id='word_1_75' title='bbox 449 1719 484 1785; x_wconf 93' lang='lat' dir='ltr'><strong>iu</strong></span> <span class='ocrx_word' id='word_1_76' title='bbox 499 1720 560 1785; x_wconf 93' lang='lat' dir='ltr'><strong>illo</strong></span> <span class='ocrx_word' id='word_1_77' title='bbox 572 1721 678 1787; x_wconf 87' lang='lat' dir='ltr'><strong>altare</strong></span> <span class='ocrx_word' id='word_1_78' title='bbox 695 1731 836 1809; x_wconf 79' lang='lat' dir='ltr'><strong>argento</strong></span> <span class='ocrx_word' id='word_1_79' title='bbox 849 1724 1077 1810; x_wconf 87' lang='lat' dir='ltr'><strong>cooperiendo</strong></span> <span class='ocrx_word' id='word_1_80' title='bbox 1094 1746 1200 1809; x_wconf 85' lang='lat' dir='ltr'><strong>opera</strong></span> <span class='ocrx_word' id='word_1_81' title='bbox 1215 1722 1362 1787; x_wconf 86' lang='lat' dir='ltr'><strong>dabatur</strong></span> <span class='ocrx_word' id='word_1_82' title='bbox 1374 1717 1514 1805; x_wconf 86' lang='lat' dir='ltr'><strong>quando</strong></span> 
     </span>
     <span class='ocr_line' id='line_1_13' title="bbox 448 1827 1158 1913; baseline 0.006 -26"><span class='ocrx_word' id='word_1_83' title='bbox 448 1846 537 1909; x_wconf 91' lang='lat' dir='ltr'><strong>opus</strong></span> <span class='ocrx_word' id='word_1_84' title='bbox 552 1846 651 1889; x_wconf 87' lang='lat' dir='ltr'><strong>auum</strong></span> <span class='ocrx_word' id='word_1_85' title='bbox 667 1828 760 1913; x_wconf 72' lang='lat' dir='ltr'><strong>typis</strong></span> <span class='ocrx_word' id='word_1_86' title='bbox 775 1827 888 1892; x_wconf 84' lang='lat' dir='ltr'><strong>edidit</strong></span> <span class='ocrx_word' id='word_1_87' title='bbox 901 1828 1092 1893; x_wconf 84' lang='lat' dir='ltr'><strong>Florencia.</strong></span> <span class='ocrx_word' id='word_1_88' title='bbox 1114 1829 1158 1906; x_wconf 83' lang='grc'><strong>(4)</strong></span> 
     </span>
    </p>

    <p class='ocr_par' dir='ltr' id='par_1_4' title="bbox 446 1924 1514 2742">
     <span class='ocr_line' id='line_1_14' title="bbox 490 1924 1512 2017; baseline -0.004 -24"><span class='ocrx_word' id='word_1_89' title='bbox 490 1930 589 1994; x_wconf 86' lang='lat' dir='ltr'><strong>Anno</strong></span> <span class='ocrx_word' id='word_1_90' title='bbox 607 1931 698 2008; x_wconf 74' lang='lat'><strong>1648,</strong></span> <span class='ocrx_word' id='word_1_91' title='bbox 716 1954 791 1995; x_wconf 87' lang='lat' dir='ltr'><strong>cum</strong></span> <span class='ocrx_word' id='word_1_92' title='bbox 805 1932 898 2017; x_wconf 77' lang='lat' dir='ltr'><strong>typis</strong></span> <span class='ocrx_word' id='word_1_93' title='bbox 911 1931 1040 1997; x_wconf 77' lang='lat' dir='ltr'><strong>editum</strong></span> <span class='ocrx_word' id='word_1_94' title='bbox 1057 1930 1180 1996; x_wconf 85' lang='lat' dir='ltr'><strong>fuisset</strong></span> <span class='ocrx_word' id='word_1_95' title='bbox 1194 1952 1281 2017; x_wconf 88' lang='lat' dir='ltr'><strong>opus</strong></span> <span class='ocrx_word' id='word_1_96' title='bbox 1294 1929 1336 1995; x_wconf 92' lang='lat' dir='ltr'><strong>de</strong></span> <span class='ocrx_word' id='word_1_97' title='bbox 1352 1928 1391 1992; x_wconf 91' lang='lat' dir='ltr'><strong>B.</strong></span> <span class='ocrx_word' id='word_1_98' title='bbox 1409 1926 1455 1991; x_wconf 87' lang='grc' dir='ltr'><strong>Μ.</strong></span> <span class='ocrx_word' id='word_1_99' title='bbox 1473 1924 1512 1989; x_wconf 87' lang='lat' dir='ltr'><strong>V.</strong></span> 
     </span>
     <span class='ocr_line' id='line_1_15' title="bbox 448 2032 1514 2121; baseline -0.002 -23"><span class='ocrx_word' id='word_1_100' title='bbox 448 2033 490 2098; x_wconf 87' lang='lat' dir='ltr'><strong>de</strong></span> <span class='ocrx_word' id='word_1_101' title='bbox 505 2034 710 2120; x_wconf 81' lang='lat' dir='ltr'><strong>Giradalupe</strong></span> <span class='ocrx_word' id='word_1_102' title='bbox 736 2058 756 2099; x_wconf 87' lang='lat' dir='ltr'><strong>a</strong></span> <span class='ocrx_word' id='word_1_103' title='bbox 771 2035 873 2101; x_wconf 89' lang='lat' dir='ltr'><strong>Patre</strong></span> <span class='ocrx_word' id='word_1_104' title='bbox 900 2037 1070 2101; x_wconf 86' lang='lat' dir='ltr'><strong>Micbaele</strong></span> <span class='ocrx_word' id='word_1_105' title='bbox 1088 2036 1241 2103; x_wconf 81' lang='lat' dir='ltr'><strong>Sanchez</strong></span> <span class='ocrx_word' id='word_1_106' title='bbox 1270 2036 1446 2121; x_wconf 86' lang='lat' dir='ltr'><strong>scriptum,</strong></span> <span class='ocrx_word' id='word_1_107' title='bbox 1464 2032 1514 2097; x_wconf 87' lang='lat' dir='ltr'><strong>ita</strong></span> 
     </span>
     <span class='ocr_line' id='line_1_16' title="bbox 448 2136 1514 2225; baseline -0.003 -23"><span class='ocrx_word' id='word_1_108' title='bbox 448 2140 481 2202; x_wconf 91' lang='lat' dir='ltr'><strong>in</strong></span> <span class='ocrx_word' id='word_1_109' title='bbox 496 2136 650 2202; x_wconf 91' lang='lat' dir='ltr'><strong>eamdem</strong></span> <span class='ocrx_word' id='word_1_110' title='bbox 667 2137 923 2203; x_wconf 87' lang='lat' dir='ltr'><strong>Sanctissimam</strong></span> <span class='ocrx_word' id='word_1_111' title='bbox 941 2140 1115 2225; x_wconf 73' lang='lat' dir='ltr'><strong>Virginem</strong></span> <span class='ocrx_word' id='word_1_112' title='bbox 1132 2138 1174 2205; x_wconf 89' lang='lat' dir='ltr'><strong>de</strong></span> <span class='ocrx_word' id='word_1_113' title='bbox 1190 2138 1395 2225; x_wconf 86' lang='lat' dir='ltr'><strong>Guadalupe</strong></span> <span class='ocrx_word' id='word_1_114' title='bbox 1410 2136 1514 2202; x_wconf 84' lang='lat' dir='ltr'><strong>devo-</strong></span> 
     </span>
     <span class='ocr_line' id='line_1_17' title="bbox 448 2240 1513 2328; baseline -0.003 -23"><span class='ocrx_word' id='word_1_115' title='bbox 448 2240 497 2306; x_wconf 90' lang='lat' dir='ltr'><strong>tio</strong></span> <span class='ocrx_word' id='word_1_116' title='bbox 520 2246 620 2305; x_wconf 87' lang='lat' dir='ltr'><strong>aucta</strong></span> <span class='ocrx_word' id='word_1_117' title='bbox 650 2240 725 2319; x_wconf 86' lang='lat' dir='ltr'><strong>luit,</strong></span> <span class='ocrx_word' id='word_1_118' title='bbox 758 2248 794 2307; x_wconf 87' lang='lat' dir='ltr'><strong>ut</strong></span> <span class='ocrx_word' id='word_1_119' title='bbox 824 2242 988 2321; x_wconf 82' lang='lat' dir='ltr'><strong>sabbatis,</strong></span> <span class='ocrx_word' id='word_1_120' title='bbox 1021 2244 1166 2328; x_wconf 86' lang='lat' dir='ltr'><strong>aliisque</strong></span> <span class='ocrx_word' id='word_1_121' title='bbox 1196 2243 1319 2309; x_wconf 86' lang='lat' dir='ltr'><strong>diebus</strong></span> <span class='ocrx_word' id='word_1_122' title='bbox 1346 2240 1513 2307; x_wconf 79' lang='lat' dir='ltr'><strong>mexicani</strong></span> 
     </span>
     <span class='ocr_line' id='line_1_18' title="bbox 447 2344 1513 2433; baseline -0.001 -24"><span class='ocrx_word' id='word_1_123' title='bbox 447 2344 717 2430; x_wconf 88' lang='lat' dir='ltr'><strong>Archiepiscopi,</strong></span> <span class='ocrx_word' id='word_1_124' title='bbox 741 2352 776 2411; x_wconf 90' lang='lat' dir='ltr'><strong>et</strong></span> <span class='ocrx_word' id='word_1_125' title='bbox 797 2346 994 2433; x_wconf 83' lang='lat' dir='ltr'><strong>Pro-Reges</strong></span> <span class='ocrx_word' id='word_1_126' title='bbox 1010 2346 1144 2413; x_wconf 84' lang='lat' dir='ltr'><strong>adirent</strong></span> <span class='ocrx_word' id='word_1_127' title='bbox 1156 2346 1335 2432; x_wconf 85' lang='lat' dir='ltr'><strong>Templum</strong></span> <span class='ocrx_word' id='word_1_128' title='bbox 1359 2345 1513 2431; x_wconf 76' lang='lat' dir='ltr'><strong>Tepeya·</strong></span> 
     </span>
     <span class='ocr_line' id='line_1_19' title="bbox 446 2446 1512 2536; baseline 0 -25"><span class='ocrx_word' id='word_1_129' title='bbox 446 2470 585 2533; x_wconf 85' lang='lat' dir='ltr'><strong>quense,</strong></span> <span class='ocrx_word' id='word_1_130' title='bbox 595 2451 771 2526; x_wconf 86' lang='lat' dir='ltr'><strong>rosarium,</strong></span> <span class='ocrx_word' id='word_1_131' title='bbox 785 2456 820 2515; x_wconf 87' lang='lat' dir='ltr'><strong>et</strong></span> <span class='ocrx_word' id='word_1_132' title='bbox 832 2450 985 2515; x_wconf 86' lang='lat' dir='ltr'><strong>littanias</strong></span> <span class='ocrx_word' id='word_1_133' title='bbox 998 2450 1240 2515; x_wconf 79' lang='lat' dir='ltr'><strong>Sanctissimae</strong></span> <span class='ocrx_word' id='word_1_134' title='bbox 1251 2446 1410 2536; x_wconf 84' lang='lat' dir='ltr'><strong>Virginis,</strong></span> <span class='ocrx_word' id='word_1_135' title='bbox 1424 2468 1512 2533; x_wconf 88' lang='lat' dir='ltr'><strong>quae</strong></span> 
     </span>
     <span class='ocr_line' id='line_1_20' title="bbox 446 2549 1513 2639; baseline -0.001 -24"><span class='ocrx_word' id='word_1_136' title='bbox 446 2550 496 2615; x_wconf 91' lang='lat' dir='ltr'><strong>ibi</strong></span> <span class='ocrx_word' id='word_1_137' title='bbox 511 2550 649 2637; x_wconf 89' lang='lat' dir='ltr'><strong>publice</strong></span> <span class='ocrx_word' id='word_1_138' title='bbox 666 2549 877 2630; x_wconf 86' lang='lat' dir='ltr'><strong>dicebantur,</strong></span> <span class='ocrx_word' id='word_1_139' title='bbox 894 2558 930 2617; x_wconf 90' lang='lat' dir='ltr'><strong>et</strong></span> <span class='ocrx_word' id='word_1_140' title='bbox 945 2552 1012 2639; x_wconf 89' lang='lat' dir='ltr'><strong>ipsi</strong></span> <span class='ocrx_word' id='word_1_141' title='bbox 1029 2552 1214 2633; x_wconf 85' lang='lat' dir='ltr'><strong>recitaturi,</strong></span> <span class='ocrx_word' id='word_1_142' title='bbox 1238 2575 1384 2639; x_wconf 88' lang='lat' dir='ltr'><strong>quornm</strong></span> <span class='ocrx_word' id='word_1_143' title='bbox 1401 2572 1513 2617; x_wconf 83' lang='lat' dir='ltr'><strong>crem·</strong></span> 
     </span>
     <span class='ocr_line' id='line_1_21' title="bbox 446 2654 1509 2742; baseline 0.001 -24"><span class='ocrx_word' id='word_1_144' title='bbox 446 2654 505 2739; x_wconf 92' lang='lat' dir='ltr'><strong>plo</strong></span> <span class='ocrx_word' id='word_1_145' title='bbox 520 2659 600 2740; x_wconf 88' lang='lat' dir='ltr'><strong>post</strong></span> <span class='ocrx_word' id='word_1_146' title='bbox 616 2658 709 2741; x_wconf 86' lang='lat' dir='ltr'><strong>ipses</strong></span> <span class='ocrx_word' id='word_1_147' title='bbox 722 2654 1021 2739; x_wconf 85' lang='lat' dir='ltr'><strong>frequentissimus</strong></span> <span class='ocrx_word' id='word_1_148' title='bbox 1034 2657 1184 2742; x_wconf 87' lang='lat' dir='ltr'><strong>populus</strong></span> <span class='ocrx_word' id='word_1_149' title='bbox 1200 2656 1313 2742; x_wconf 91' lang='lat' dir='ltr'><strong>ipsum</strong></span> <span class='ocrx_word' id='word_1_150' title='bbox 1330 2654 1509 2741; x_wconf 85' lang='lat' dir='ltr'><strong>Templum</strong></span> 
     </span>
    </p>
   </div>
   <div class='ocr_carea' id='block_1_4' title="bbox 446 2764 637 2846">
    <p class='ocr_par' dir='ltr' id='par_1_5' title="bbox 446 2764 637 2848">
     <span class='ocr_line' id='line_1_22' title="bbox 446 2764 637 2846; baseline -0.005 -18"><span class='ocrx_word' id='word_1_151' title='bbox 446 2764 572 2829; x_wconf 83' lang='lat' dir='ltr'><strong>adibat</strong></span> <span class='ocrx_word' id='word_1_152' title='bbox 592 2767 637 2848; x_wconf 71' lang='lat'><strong>(5,</strong></span> 
     </span>
    </p>
   </div>
   <div class='ocr_carea' id='block_1_5' title="bbox 445 2884 1510 3599">
    <p class='ocr_par' dir='ltr' id='par_1_6' title="bbox 445 2884 1510 3599">
     <span class='ocr_line' id='line_1_23' title="bbox 488 2884 1510 2979; baseline 0.01 -30"><span class='ocrx_word' id='word_1_153' title='bbox 488 2884 677 2971; x_wconf 89' lang='lat' dir='ltr'><strong>Postquam</strong></span> <span class='ocrx_word' id='word_1_154' title='bbox 694 2889 894 2955; x_wconf 87' lang='lat' dir='ltr'><strong>insecundo</strong></span> <span class='ocrx_word' id='word_1_155' title='bbox 912 2892 1054 2979; x_wconf 84' lang='lat' dir='ltr'><strong>Templo</strong></span> <span class='ocrx_word' id='word_1_156' title='bbox 1065 2894 1169 2959; x_wconf 81' lang='lat' dir='ltr'><strong>Sacra</strong></span> <span class='ocrx_word' id='word_1_157' title='bbox 1184 2894 1221 2959; x_wconf 91' lang='lat' dir='ltr'><strong>B.</strong></span> <span class='ocrx_word' id='word_1_158' title='bbox 1240 2896 1285 2959; x_wconf 88' lang='lat' dir='ltr'><strong>M.</strong></span> <span class='ocrx_word' id='word_1_159' title='bbox 1303 2895 1341 2960; x_wconf 75' lang='lat' dir='ltr'><strong>V.</strong></span> <span class='ocrx_word' id='word_1_160' title='bbox 1359 2896 1401 2960; x_wconf 87' lang='lat' dir='ltr'><strong>de</strong></span> <span class='ocrx_word' id='word_1_161' title='bbox 1418 2894 1510 2961; x_wconf 89' lang='lat' dir='ltr'><strong>Gua-</strong></span> 
     </span>
     <span class='ocr_line' id='line_1_24' title="bbox 446 2988 1510 3084; baseline 0.01 -32"><span class='ocrx_word' id='word_1_162' title='bbox 446 2988 572 3075; x_wconf 87' lang='lat' dir='ltr'><strong>dalupe</strong></span> <span class='ocrx_word' id='word_1_163' title='bbox 589 2990 709 3079; x_wconf 84' lang='lat' dir='ltr'><strong>Imago</strong></span> <span class='ocrx_word' id='word_1_164' title='bbox 725 2994 891 3059; x_wconf 87' lang='lat' dir='ltr'><strong>collocata</strong></span> <span class='ocrx_word' id='word_1_165' title='bbox 919 2995 992 3073; x_wconf 86' lang='lat' dir='ltr'><strong>luit,</strong></span> <span class='ocrx_word' id='word_1_166' title='bbox 1010 2996 1111 3081; x_wconf 92' lang='lat' dir='ltr'><strong>primi</strong></span> <span class='ocrx_word' id='word_1_167' title='bbox 1142 2998 1275 3084; x_wconf 82' lang='lat' dir='ltr'><strong>Templi</strong></span> <span class='ocrx_word' id='word_1_168' title='bbox 1306 2998 1443 3063; x_wconf 89' lang='lat' dir='ltr'><strong>nonnisi</strong></span> <span class='ocrx_word' id='word_1_169' title='bbox 1459 2996 1510 3063; x_wconf 91' lang='lat' dir='ltr'><strong>di-</strong></span> 
     </span>
     <span class='ocr_line' id='line_1_25' title="bbox 445 3098 1510 3188; baseline 0.008 -32"><span class='ocrx_word' id='word_1_170' title='bbox 445 3098 542 3157; x_wconf 85' lang='lat' dir='ltr'><strong>rutae</strong></span> <span class='ocrx_word' id='word_1_171' title='bbox 562 3102 794 3161; x_wconf 84' lang='lat' dir='ltr'><strong>remanserant</strong></span> <span class='ocrx_word' id='word_1_172' title='bbox 810 3098 967 3183; x_wconf 83' lang='lat' dir='ltr'><strong>parietes,</strong></span> <span class='ocrx_word' id='word_1_173' title='bbox 984 3100 1044 3165; x_wconf 93' lang='lat' dir='ltr'><strong>ubi</strong></span> <span class='ocrx_word' id='word_1_174' title='bbox 1061 3100 1149 3165; x_wconf 85' lang='lat' dir='ltr'><strong>inira</strong></span> <span class='ocrx_word' id='word_1_175' title='bbox 1165 3101 1285 3167; x_wconf 87' lang='lat' dir='ltr'><strong>collem</strong></span> <span class='ocrx_word' id='word_1_176' title='bbox 1302 3100 1510 3188; x_wconf 66' lang='lat' dir='ltr'><strong>Tepeyacotl</strong></span> 
     </span>
     <span class='ocr_line' id='line_1_26' title="bbox 449 3196 1509 3291; baseline 0.011 -32"><span class='ocrx_word' id='word_1_177' title='bbox 449 3196 601 3283; x_wconf 89' lang='lat' dir='ltr'><strong>Deipara</strong></span> <span class='ocrx_word' id='word_1_178' title='bbox 621 3200 749 3265; x_wconf 82' lang='lat' dir='ltr'><strong>Joanni</strong></span> <span class='ocrx_word' id='word_1_179' title='bbox 779 3200 1001 3269; x_wconf 85' lang='lat' dir='ltr'><strong>Didacosese</strong></span> <span class='ocrx_word' id='word_1_180' title='bbox 1034 3204 1308 3291; x_wconf 86' lang='lat' dir='ltr'><strong>conspiciendam</strong></span> <span class='ocrx_word' id='word_1_181' title='bbox 1340 3206 1509 3291; x_wconf 79' lang='lat' dir='ltr'><strong>praebuit.</strong></span> 
     </span>
     <span class='ocr_line' id='line_1_27' title="bbox 445 3298 1510 3393; baseline 0.011 -31"><span class='ocrx_word' id='word_1_182' title='bbox 445 3298 502 3364; x_wconf 90' lang='lat' dir='ltr'><strong>die</strong></span> <span class='ocrx_word' id='word_1_183' title='bbox 520 3302 559 3364; x_wconf 80' lang='lat'><strong>12</strong></span> <span class='ocrx_word' id='word_1_184' title='bbox 576 3302 788 3369; x_wconf 80' lang='lat' dir='ltr'><strong>Decembris:</strong></span> <span class='ocrx_word' id='word_1_185' title='bbox 818 3316 857 3370; x_wconf 87' lang='lat' dir='ltr'><strong>ut</strong></span> <span class='ocrx_word' id='word_1_186' title='bbox 883 3330 964 3392; x_wconf 76' lang='lat' dir='ltr'><strong>ergo</strong></span> <span class='ocrx_word' id='word_1_187' title='bbox 989 3307 1046 3371; x_wconf 92' lang='lat' dir='ltr'><strong>ille</strong></span> <span class='ocrx_word' id='word_1_188' title='bbox 1064 3309 1158 3373; x_wconf 84' lang='lat' dir='ltr'><strong>locus</strong></span> <span class='ocrx_word' id='word_1_189' title='bbox 1189 3308 1331 3393; x_wconf 86' lang='lat' dir='ltr'><strong>speciali</strong></span> <span class='ocrx_word' id='word_1_190' title='bbox 1357 3308 1510 3375; x_wconf 84' lang='lat' dir='ltr'><strong>devotio·</strong></span> 
     </span>
     <span class='ocr_line' id='line_1_28' title="bbox 446 3404 1510 3497; baseline 0.011 -31"><span class='ocrx_word' id='word_1_191' title='bbox 446 3424 487 3467; x_wconf 89' lang='lat' dir='ltr'><strong>ne</strong></span> <span class='ocrx_word' id='word_1_192' title='bbox 505 3426 526 3467; x_wconf 92' lang='lat' dir='ltr'><strong>a</strong></span> <span class='ocrx_word' id='word_1_193' title='bbox 540 3404 701 3471; x_wconf 81' lang='lat' dir='ltr'><strong>fidelibus</strong></span> <span class='ocrx_word' id='word_1_194' title='bbox 717 3406 952 3487; x_wconf 80' lang='lat' dir='ltr'><strong>lionoraretur,</strong></span> <span class='ocrx_word' id='word_1_195' title='bbox 970 3410 1097 3497; x_wconf 83' lang='lat' dir='ltr'><strong>pietate</strong></span> <span class='ocrx_word' id='word_1_196' title='bbox 1114 3417 1149 3477; x_wconf 86' lang='lat' dir='ltr'><strong>et</strong></span> <span class='ocrx_word' id='word_1_197' title='bbox 1161 3410 1393 3477; x_wconf 76' lang='lat' dir='ltr'><strong>sollicitudine</strong></span> <span class='ocrx_word' id='word_1_198' title='bbox 1409 3410 1510 3478; x_wconf 89' lang='lat' dir='ltr'><strong>Pres-</strong></span> 
     </span>
     <span class='ocr_line' id='line_1_29' title="bbox 446 3506 1509 3599; baseline 0.013 -32"><span class='ocrx_word' id='word_1_199' title='bbox 446 3506 558 3591; x_wconf 87' lang='lat' dir='ltr'><strong>byteri</strong></span> <span class='ocrx_word' id='word_1_200' title='bbox 574 3508 615 3572; x_wconf 91' lang='lat' dir='ltr'><strong>D.</strong></span> <span class='ocrx_word' id='word_1_201' title='bbox 634 3508 800 3575; x_wconf 83' lang='lat' dir='ltr'><strong>Ludorici</strong></span> <span class='ocrx_word' id='word_1_202' title='bbox 830 3512 922 3575; x_wconf 78' lang='lat' dir='ltr'><strong>Lazo</strong></span> <span class='ocrx_word' id='word_1_203' title='bbox 938 3513 979 3577; x_wconf 89' lang='lat' dir='ltr'><strong>de</strong></span> <span class='ocrx_word' id='word_1_204' title='bbox 997 3515 1029 3578; x_wconf 90' lang='lat' dir='ltr'><strong>la</strong></span> <span class='ocrx_word' id='word_1_205' title='bbox 1045 3514 1148 3595; x_wconf 71' lang='lat' dir='ltr'><strong>l&#39;ega,</strong></span> <span class='ocrx_word' id='word_1_206' title='bbox 1166 3514 1224 3599; x_wconf 87' lang='lat' dir='ltr'><strong>qui</strong></span> <span class='ocrx_word' id='word_1_207' title='bbox 1255 3516 1395 3599; x_wconf 82' lang='lat' dir='ltr'><strong>majoris</strong></span> <span class='ocrx_word' id='word_1_208' title='bbox 1410 3515 1509 3581; x_wconf 85' lang='lat' dir='ltr'><strong>Tem·</strong></span> 
     </span>
    </p>
   </div>
   <div class='ocr_carea' id='block_1_6' title="bbox 443 3754 1509 4341">
    <p class='ocr_par' dir='ltr' id='par_1_7' title="bbox 443 3754 1509 3935">
     <span class='ocr_line' id='line_1_30' title="bbox 484 3754 1509 3838; baseline 0.007 -27"><span class='ocrx_word' id='word_1_209' title='bbox 484 3756 527 3830; x_wconf 86' lang='lat'><strong>(1)</strong></span> <span class='ocrx_word' id='word_1_210' title='bbox 570 3754 734 3826; x_wconf 72' lang='lat' dir='ltr'><strong>Flammis,</strong></span> <span class='ocrx_word' id='word_1_211' title='bbox 750 3776 842 3833; x_wconf 77' lang='lat' dir='ltr'><strong>opere</strong></span> <span class='ocrx_word' id='word_1_212' title='bbox 871 3758 1000 3829; x_wconf 82' lang='lat' dir='ltr'><strong>laudata,</strong></span> <span class='ocrx_word' id='word_1_213' title='bbox 1024 3778 1089 3835; x_wconf 66' lang='lat' dir='ltr'><strong>capi.</strong></span> <span class='ocrx_word' id='word_1_214' title='bbox 1106 3780 1153 3835; x_wconf 79' lang='lat'><strong>32,</strong></span> <span class='ocrx_word' id='word_1_215' title='bbox 1181 3764 1260 3819; x_wconf 71' lang='lat' dir='ltr'><strong>niam.</strong></span> <span class='ocrx_word' id='word_1_216' title='bbox 1279 3779 1335 3838; x_wconf 76' lang='lat'><strong>345</strong></span> <span class='ocrx_word' id='word_1_217' title='bbox 1353 3774 1381 3821; x_wconf 88' lang='lat' dir='ltr'><strong>ct</strong></span> <span class='ocrx_word' id='word_1_218' title='bbox 1397 3764 1509 3835; x_wconf 80' lang='lat'>346.—</span> 
     </span>
     <span class='ocr_line' id='line_1_31' title="bbox 443 3846 1423 3935; baseline 0.008 -25"><span class='ocrx_word' id='word_1_219' title='bbox 443 3854 563 3925; x_wconf 81' lang='lat' dir='ltr'><strong>Tornel,</strong></span> <span class='ocrx_word' id='word_1_220' title='bbox 581 3852 623 3912; x_wconf 82' lang='lat' dir='ltr'><strong>La</strong></span> <span class='ocrx_word' id='word_1_221' title='bbox 639 3854 797 3931; x_wconf 70' lang='lat' dir='ltr'><strong>siparicion</strong></span> <span class='ocrx_word' id='word_1_222' title='bbox 814 3870 879 3928; x_wconf 77' lang='lat' dir='ltr'><strong>etc,</strong></span> <span class='ocrx_word' id='word_1_223' title='bbox 903 3871 974 3917; x_wconf 83' lang='lat' dir='ltr'><strong>torn.</strong></span> <span class='ocrx_word' id='word_1_224' title='bbox 997 3878 1019 3927; x_wconf 86' lang='lat'><strong>1,</strong></span> <span class='ocrx_word' id='word_1_225' title='bbox 1036 3878 1101 3935; x_wconf 83' lang='lat' dir='ltr'><strong>cap.</strong></span> <span class='ocrx_word' id='word_1_226' title='bbox 1124 3880 1167 3931; x_wconf 75' lang='lat'><strong>14,</strong></span> <span class='ocrx_word' id='word_1_227' title='bbox 1183 3862 1196 3931; x_wconf 66' lang='grc' dir='ltr'>ξ</span> <span class='ocrx_word' id='word_1_228' title='bbox 1214 3880 1239 3929; x_wconf 86' lang='lat'><strong>2,</strong></span> <span class='ocrx_word' id='word_1_229' title='bbox 1255 3846 1336 3918; x_wconf 83' lang='lat' dir='ltr'><strong>mim.</strong></span> <span class='ocrx_word' id='word_1_230' title='bbox 1357 3878 1423 3935; x_wconf 79' lang='lat'><strong>259,</strong></span> 
     </span>
    </p>

    <p class='ocr_par' dir='ltr' id='par_1_8' title="bbox 484 3953 982 4031">
     <span class='ocr_line' id='line_1_32' title="bbox 484 3953 982 4031; baseline 0.01 -21"><span class='ocrx_word' id='word_1_231' title='bbox 484 3955 529 4031; x_wconf 82' lang='lat'><strong>(2)</strong></span> <span class='ocrx_word' id='word_1_232' title='bbox 573 3953 735 4024; x_wconf 83' lang='lat' dir='ltr'><strong>Florencin,</strong></span> <span class='ocrx_word' id='word_1_233' title='bbox 752 3955 789 4014; x_wconf 89' lang='lat' dir='ltr'><strong>ib.</strong></span> <span class='ocrx_word' id='word_1_234' title='bbox 807 3958 886 4015; x_wconf 78' lang='lat' dir='ltr'><strong>num.</strong></span> <span class='ocrx_word' id='word_1_235' title='bbox 914 3960 982 4031; x_wconf 77' lang='lat'>346.</span> 
     </span>
    </p>

    <p class='ocr_par' dir='ltr' id='par_1_9' title="bbox 483 4052 1216 4133">
     <span class='ocr_line' id='line_1_33' title="bbox 483 4052 1216 4133; baseline 0.01 -25"><span class='ocrx_word' id='word_1_236' title='bbox 483 4055 528 4127; x_wconf 79' lang='lat'><strong>(3)</strong></span> <span class='ocrx_word' id='word_1_237' title='bbox 572 4052 735 4124; x_wconf 83' lang='lat' dir='ltr'><strong>Florencia,</strong></span> <span class='ocrx_word' id='word_1_238' title='bbox 750 4074 842 4132; x_wconf 81' lang='lat' dir='ltr'><strong>opere</strong></span> <span class='ocrx_word' id='word_1_239' title='bbox 854 4054 914 4129; x_wconf 84' lang='lat' dir='ltr'><strong>cit,</strong></span> <span class='ocrx_word' id='word_1_240' title='bbox 930 4076 995 4132; x_wconf 83' lang='lat' dir='ltr'><strong>cap.</strong></span> <span class='ocrx_word' id='word_1_241' title='bbox 1013 4072 1059 4130; x_wconf 80' lang='lat'><strong>32,</strong></span> <span class='ocrx_word' id='word_1_242' title='bbox 1077 4076 1113 4132; x_wconf 83' lang='lat'><strong>33</strong></span> <span class='ocrx_word' id='word_1_243' title='bbox 1131 4078 1148 4133; x_wconf 90' lang='lat' dir='ltr'>y</span> <span class='ocrx_word' id='word_1_244' title='bbox 1168 4078 1216 4133; x_wconf 74' lang='lat'><strong>34.</strong></span> 
     </span>
    </p>

    <p class='ocr_par' dir='ltr' id='par_1_10' title="bbox 483 4152 1258 4237">
     <span class='ocr_line' id='line_1_34' title="bbox 483 4152 1258 4237; baseline 0.015 -30"><span class='ocrx_word' id='word_1_245' title='bbox 483 4152 528 4225; x_wconf 84' lang='lat'><strong>(4)</strong></span> <span class='ocrx_word' id='word_1_246' title='bbox 574 4152 739 4225; x_wconf 65' lang='lat' dir='ltr'><strong>liora—acia,</strong></span> <span class='ocrx_word' id='word_1_247' title='bbox 755 4174 847 4231; x_wconf 83' lang='lat' dir='ltr'><strong>opere</strong></span> <span class='ocrx_word' id='word_1_248' title='bbox 862 4155 922 4227; x_wconf 81' lang='lat' dir='ltr'><strong>cit,</strong></span> <span class='ocrx_word' id='word_1_249' title='bbox 939 4176 1002 4233; x_wconf 83' lang='lat' dir='ltr'><strong>cap.</strong></span> <span class='ocrx_word' id='word_1_250' title='bbox 1020 4177 1068 4231; x_wconf 84' lang='lat'><strong>32,</strong></span> <span class='ocrx_word' id='word_1_251' title='bbox 1085 4178 1166 4219; x_wconf 84' lang='lat' dir='ltr'><strong>nour.</strong></span> <span class='ocrx_word' id='word_1_252' title='bbox 1190 4178 1258 4237; x_wconf 83' lang='lat'>345.</span> 
     </span>
    </p>

    <p class='ocr_par' dir='ltr' id='par_1_11' title="bbox 483 4258 1261 4341">
     <span class='ocr_line' id='line_1_35' title="bbox 483 4258 1261 4341; baseline 0.015 -25"><span class='ocrx_word' id='word_1_253' title='bbox 483 4258 529 4335; x_wconf 83' lang='lat'><strong>(5)</strong></span> <span class='ocrx_word' id='word_1_254' title='bbox 572 4258 738 4333; x_wconf 75' lang='lat' dir='ltr'><strong>Florentia,</strong></span> <span class='ocrx_word' id='word_1_255' title='bbox 755 4281 846 4339; x_wconf 87' lang='lat' dir='ltr'><strong>opere</strong></span> <span class='ocrx_word' id='word_1_256' title='bbox 860 4262 921 4337; x_wconf 72' lang='lat' dir='ltr'><strong>cit,</strong></span> <span class='ocrx_word' id='word_1_257' title='bbox 938 4284 1003 4341; x_wconf 88' lang='lat' dir='ltr'><strong>cap.</strong></span> <span class='ocrx_word' id='word_1_258' title='bbox 1028 4285 1071 4339; x_wconf 84' lang='lat'><strong>14,</strong></span> <span class='ocrx_word' id='word_1_259' title='bbox 1088 4286 1169 4325; x_wconf 89' lang='lat' dir='ltr'><strong>num.</strong></span> <span class='ocrx_word' id='word_1_260' title='bbox 1197 4270 1261 4329; x_wconf 83' lang='lat'>181.</span> 
     </span>
    </p>
   </div>
   <div class='ocr_carea' id='block_1_7' title="bbox 0 0 1818 5217">
    <p class='ocr_par' dir='ltr' id='par_1_12' title="bbox 0 0 1818 5217">
     <span class='ocr_line' id='line_1_36' title="bbox 0 0 1818 5217; baseline 0 2"><span class='ocrx_word' id='word_1_261' title='bbox 0 0 1818 5217; x_wconf 95' lang='lat' dir='ltr'><strong> </strong></span> 
     </span>
    </p>
   </div>
  </div>
 </body>
</html>
