3625 5217
793 479 856 548 127

308 647 492 713 auctoritas
507 649 653 714 maxima
667 657 721 717 cst
737 654 770 716 in
795 652 833 717 B.
851 651 946 719 Petri
963 652 1122 740 Apostoli
1154 650 1365 719 Successori·

307 751 381 828 bns,
397 753 457 836 qni
472 754 660 838 gratiarnm
681 754 863 841 largitione
891 757 1020 821 cultum
1036 756 1102 821 nisi
1119 762 1210 821 recte
1233 753 1366 819 exhibi-

308 860 379 920 tum
395 877 462 919 non
478 855 641 923 foverent.
687 857 875 943 Sequentia
889 882 971 941 ergo
988 860 1214 925 attendamus.

349 958 468 1023 Refert
482 958 518 1024 P.
533 958 709 1025 Florentia
724 961 890 1055 quasdam
914 963 1048 1028 litteras
1074 952 1293 1049 Apostolicns
1308 981 1367 1026 ex-

307 1060 429 1137 titisse,
446 1062 574 1147 quibus
597 1064 869 1143 confirmabatur,
886 1070 922 1131 et
944 1064 1168 1153 indulgentiis
1191 1064 1368 1130 (litabatur

307 1164 473 1251 quaedam
485 1166 1006 1252 antiquissimaConfretcrnitas
1030 1170 1065 1233 in
1081 1170 1245 1235 honorem
1261 1166 1300 1232 B.
1317 1166 1364 1231 Μ.

307 1266 345 1330 V.
363 1266 405 1331 de
421 1266 635 1353 Guadalupe,
652 1273 765 1333 erecta
779 1268 816 1332 in
830 1268 974 1355 Templo
990 1267 1263 1357 Tepeyequensi3
1278 1288 1366 1353 qnae

307 1387 375 1432 non
387 1366 540 1431 aliaesse
553 1371 668 1453 potest
677 1366 744 1432 nisi
760 1367 831 1445 illa,
843 1366 886 1433 de
897 1390 967 1453 qna
980 1369 1186 1435 mentionem
1199 1367 1283 1433 facit
1297 1366 1367 1432 Pro

306 1468 380 1534 Rex
391 1469 432 1534 D.
447 1469 619 1537 Martinus
633 1470 807 1557 Euriquez
822 1474 1015 1539 ann01575.
1033 1472 1160 1539 Verum
1177 1470 1262 1537 haec
1278 1470 1367 1537 Oon·

307 1572 504 1639 fraternitas
518 1574 644 1660 injuria
658 1575 824 1662 temporis
835 1574 976 1655 interiit,
993 1582 1032 1642 ut
1054 1574 1168 1661 inquit
1198 1574 1273 1661 ipse
1288 1572 1367 1638 Flo-

309 1680 429 1742 rencia
445 1678 492 1762 (l)

349 1781 449 1847 Anno
459 1782 593 1850 circiter
604 1780 688 1848 1673
714 1784 768 1849 vel
781 1783 823 1851 74
834 1783 903 1849 alia
915 1782 1196 1869 Confraternitas,
1210 1778 1253 1845 de
1266 1778 1367 1845 Ordi-

309 1883 619 1969 nariianctoritate,
636 1890 672 1955 in
687 1889 851 1955 honorem
867 1888 906 1953 B.
924 1888 970 1952 M.
989 1885 1027 1952 V.
1046 1886 1088 1951 de
1101 1884 1306 1971 Gondalupe
1332 1882 1368 1947 iu

309 1988 451 2077 Templo
465 1990 726 2077 Tepeyaquensi
736 1991 801 2057 fnit
815 1997 938 2067 erecta,
955 2010 1097 2073 eamque
1115 2010 1203 2053 anno
1218 1988 1302 2055 1675
1319 1986 1370 2051 in·

308 2092 495 2181 dulgentiis
524 2094 646 2161 ditarit
672 2094 917 2161 Sanctissimae
943 2094 984 2160 D.
1017 2093 1175 2159 Clemens
1205 2089 1301 2177 Papa
1325 2089 1370 2167 X;

309 2202 412 2281 atque
441 2197 532 2263 inter
559 2198 648 2276 illae,
678 2197 926 2285 indulgentiam
956 2196 1145 2285 plenariam
1168 2200 1368 2282 perpetuam

310 2300 505 2387 praedictus
521 2301 682 2367 Summus
705 2301 863 2368 Pontifex
879 2300 1048 2367 concessit
1072 2298 1252 2383 utriusque
1268 2318 1370 2363 sexus

309 2404 439 2471 Christi
464 2405 634 2487 fidelibus,
651 2409 687 2473 in
716 2408 835 2477 eadem
867 2408 1156 2477 Confraternitate
1183 2404 1368 2491 inscriptis,

309 2509 368 2593 qui
384 2510 550 2596 templum
575 2511 843 2600 Tepeyaqnense
869 2512 1049 2579 visitarent
1076 2510 1132 2575 die
1158 2510 1200 2574 12
1227 2509 1369 2574 Decem-

309 2613 390 2692 bris,
408 2636 428 2679 a
443 2614 564 2701 primis
573 2615 726 2702 vesperis
738 2639 846 2703 usque
863 2616 948 2681 solis
961 2636 1145 2679 occassum.
1166 2612 1211 2697 (2)
1227 2610 1294 2677 llie
1311 2634 1370 2677 au·

309 2724 378 2783 tem
393 2719 434 2784 12
450 2718 652 2786 Decembris
668 2720 850 2807 Apparitio
865 2720 904 2787 B.
922 2720 968 2785 Μ.
986 2718 1024 2783 V.
1043 2716 1085 2783 de
1102 2714 1306 2801 Guadalnpe
1333 2714 1369 2780 in

310 2819 370 2885 illo
384 2820 528 2908 Templo
543 2822 789 2890 celebrabatur.

349 2922 447 2990 Idem
464 2925 624 2991 Summus
638 2925 806 3005 Pontifex,
818 2949 907 2991 anno
923 2926 1017 3001 1675,
1032 2921 1210 3001 concessit,
1221 2919 1265 2987 ad
1285 2926 1368 2987 tem-

307 3050 381 3113 pus,
392 3034 431 3093 ut
446 3028 972 3117 Altare·majusTepeyaqnensis
982 3027 1127 3114 Templi,
1139 3027 1174 3091 in
1184 3046 1253 3111 qno
1269 3046 1368 3090 nemo

308 3130 444 3199 dubitat
459 3133 613 3199 venerari
628 3133 767 3199 Sacram
782 3132 971 3221 Imaginem
987 3133 1025 3198 B.
1044 3134 1090 3199 Μ.
1108 3133 1145 3198 V.
1174 3130 1216 3195 de
1234 3129 1369 3195 Guada-

309 3236 398 3321 lupe,
426 3236 678 3323 privilegiatum
702 3243 794 3303 esset
818 3260 881 3324 pro
896 3235 1136 3305 defunctorum
1162 3234 1368 3302 confratrum

309 3340 487 3405 animabus
503 3340 588 3404 feria
600 3339 750 3406 secunda
762 3340 927 3427 cujusque
944 3340 1190 3417 hebdomadae,
1206 3343 1241 3403 et
1267 3337 1302 3401 in
1314 3335 1369 3401 die

309 3442 639 3509 commemorationis
654 3442 805 3508 omnium
820 3444 973 3511 fidelium
995 3444 1242 3520 defunctorum,
1259 3444 1294 3506 et
1309 3462 1370 3527 per

310 3551 472 3611 octavam.
493 3548 539 3628 (3)
986 3618 989 3625 ,

353 3649 450 3715 Anno
467 3650 550 3716 1679
566 3649 727 3716 Summus
742 3650 904 3717 Pontifex
914 3651 1136 3717 Innocentius
1149 3650 1202 3716 XI
1218 3650 1370 3737 quinque

352 3857 394 3939 (ι)
437 3858 602 3929 Florencia,
619 3858 746 3919 Estrella
758 3860 808 3921 del
825 3862 920 3921 Norte
932 3860 970 3919 de
985 3860 1114 3929 Mexico,
1129 3877 1194 3935 cap.
1222 3876 1270 3937 35,
1288 3858 1371 3919 unm.

334 3960 381 4017 6.

313 3978 331 4033 3
352 3978 397 4137 lle)
441 4058 606 4131 Florencia,
623 4058 749 4150 hlstrella
763 4057 812 4118 del
829 4058 924 4117 Norte
939 4056 978 4116 de
991 4054 1121 4123 Mtxico,
1138 4072 1203 4131 cap.
1221 4070 1270 4129 35,
1287 4056 1371 4111 adm.

313 4160 373 4233 3⁶4
387 4168 416 4219 et
431 4159 491 4233 366
507 4169 537 4219 et
551 4159 620 4234 3⁶7·

349 4255 394 4332 (3)
438 4257 604 4317 Florencia.
628 4256 676 4316 Ib.
690 4252 774 4315 adm.
791 4256 860 4333 369.
