3625 5217
951 506 973 571 6

430 694 484 763 rei
499 701 693 783 opportune
708 694 873 774 rideatur,
889 716 1021 760 necnon
1036 699 1071 760 et
1086 693 1317 781 objectionum
1344 692 1495 760 solutio-

430 819 507 865 nem
522 798 708 865 exhibebit.

674 1180 906 1331 PARS
931 1180 1246 1335 PRIMA.

431 1531 655 1617 Apparae‘tionie
675 1530 928 1617 Grmdalupcnsia
951 1531 1168 1595 remotiorum
1182 1529 1347 1606 corticeum
1375 1552 1488 1593 necnon

492 1641 520 1699 et
534 1657 643 1699 sacrae
658 1634 813 1719 incipitis
827 1634 1073 1719 descriptionem,
1086 1640 1114 1697 et
1122 1633 1301 1719 peritorum
1316 1632 1354 1696 de
1368 1632 1423 1696 iliu

868 1736 1039 1821 judiciam.

473 1908 567 1974 Inter
578 1907 816 1994 Apparitionis
828 1906 1107 1993 Guadalupenais
1115 1904 1387 1992 quamplurimas
1400 1904 1490 1970 Nar·

430 2012 589 2091 rationes,
606 2011 693 2077 duas
708 2012 752 2076 ad
767 2012 917 2077 litteram
932 2012 1160 2077 transcribere
1176 2018 1408 2098 opportunum
1438 2011 1488 2075 ri-

363 2116 366 2131 '
429 2111 540 2177 detur:
554 2132 656 2177 unam
673 2112 847 2185 mexicano
862 2113 1037 2191 idiomate,
1053 2114 1194 2178 alteram
1211 2115 1365 2201 hispano.
1391 2116 1487 2197 Quae

429 2214 601 2279 nienicane
613 2214 743 2301 scripta
754 2222 817 2294 est,
830 2216 956 2281 Mexici
968 2215 1036 2282 fuit
1046 2216 1140 2303 typis
1154 2216 1248 2282 edita
1263 2240 1352 2281 enno
1367 2218 1450 2282 1649
1467 2240 1489 2281 a·

429 2314 636 2401 Presbytero
652 2315 693 2379 D.
711 2314 887 2380 liudovico
913 2314 1007 2379 Lazo
1020 2314 1063 2379 de
1079 2313 1114 2379 la
1137 2314 1242 2400 Vega,
1258 2314 1357 2399 cujus
1376 2338 1488 2381 exem-

430 2418 506 2502 plar
531 2424 687 2483 servatur
709 2418 745 2483 in
774 2417 994 2485 Bibliotheca
1015 2416 1155 2503 publica
1183 2417 1488 2483 Guadulaxorensi:

429 2520 515 2585 haec
534 2543 556 2585 a
583 2521 665 2589 viris
686 2520 906 2609 peritissimis
935 2524 1117 2607 reputetur
1139 2520 1389 2605 antiquissima,
1404 2520 1487 2586 iicet

429 2628 511 2687 tunc
525 2624 636 2709 primo
650 2624 755 2689 tuerit
770 2619 864 2710 typis
878 2624 982 2703 edita,
993 2628 1030 2688 et
1044 2623 1191 2687 maxima
1201 2623 1329 2709 gaudet
1340 2625 1487 2715 auctori·
1586 2651 1589 2657 ¹

428 2731 509 2804 tate,
519 2732 558 2792 ut
570 2732 690 2813 postea
700 2727 839 2813 patefiet
849 2747 925 2791 cum
935 2725 977 2791 de
989 2726 1216 2812 scriptoribus
1227 2726 1487 2812 Apparitionem

429 2828 686 2894 stabilientibus
701 2834 875 2895 tractetur.
903 2828 1017 2912 (Hanc
1030 2828 1269 2893 Narrationem
1293 2828 1399 2893 latine
1414 2852 1487 2893 ver-

428 2932 520 3014 tam).
535 2932 631 3014 Quae
643 2932 786 3016 hispane
796 2931 925 3018 scripta
935 2937 990 2996 est
999 2930 1169 3008 Narratio,
1180 2936 1352 2995 auctorem
1365 2930 1487 2996 babuit

428 3033 672 3121 Presbyterum
687 3035 728 3099 D.
746 3033 958 3098 Ludovieum
982 3032 1487 3118 BecerraTanco:haecpri1no

428 3134 494 3201 fuit
509 3136 634 3201 Mexici
649 3136 742 3223 typis
757 3135 851 3201 edita
865 3157 954 3199 enno
966 3136 1059 3213 1666,
1083 3158 1218 3200 rursum
1233 3141 1268 3201 et
1283 3135 1487 3221 locupletior

429 3238 494 3303 tuit
510 3238 603 3325 typis
618 3238 711 3304 edita
726 3238 850 3303 Mexiei
867 3260 956 3303 anno
971 3238 1065 3315 1676,
1081 3237 1171 3303 unde
1184 3238 1286 3303 tertia
1297 3238 1404 3303 editio
1416 3239 1487 3303 bis·

428 3363 519 3428 pona
534 3348 569 3407 et
583 3347 705 3427 quarte
720 3340 923 3427 prodierunt
938 3362 1026 3405 anuo
1042 3340 1126 3405 1685
1141 3346 1177 3405 et
1191 3362 1280 3405 anno
1295 3341 1387 3407 1785.
1434 3343 1486 3406 Ex

428 3442 493 3505 hac
508 3446 631 3527 quarta
645 3440 805 3519 editione,
821 3464 910 3526 quae
922 3441 1070 3507 habetur
1080 3441 1116 3506 in
1142 3464 1245 3527 opere
1275 3442 1331 3507 cui
1353 3444 1486 3509 titulus:

431 3547 630 3613 “Colecoion
643 3548 685 3612 de
697 3547 799 3612 obras
810 3544 1028 3633 yoprisculoe
1038 3546 1309 3631 pertenecientes
1320 3546 1340 3611 a
1352 3546 1386 3612 la
1396 3547 1486 3633 Apa-

429 3650 536 3715 ricion
548 3650 590 3715 de
602 3650 696 3715 Ntrs.
709 3649 780 3715 Sra
794 3649 836 3714 de
848 3648 1053 3734 Guadalupe
1065 3648 1107 3713 de
1121 3648 1286 3726 Mcrico‚”
1304 3650 1387 3715 baec
1401 3650 1487 3714 Nar-

429 3753 517 3818 ratio
529 3752 768 3819 transcribitur
783 3752 826 3817 ad
849 3751 1045 3816 litteramin
1059 3750 1125 3815 hac
1143 3751 1392 3817 dissertatione.
1410 3753 1488 3817 Non
1508 3833 1510 3837 Α

429 3861 482 3921 est
497 3856 635 3941 quidem
652 3856 737 3920 haec
760 3854 934 3939 antiquior
962 3854 1108 3939 hispane
1123 3853 1283 3918 Narratio
1313 3855 1488 3919 Guadalu·

429 3958 545 4044 pensis
560 3956 806 4044 Apparitionis:
821 3956 1049 4041 antiquiorem
1064 3978 1146 4041 prae
1161 3956 1270 4021 oculis
1282 3957 1407 4021 habere
1420 3970 1503 4021 non·

429 4061 538 4139 licuit3
552 4082 669 4127 verum
693 4082 816 4147 magna
840 4060 907 4147 ipsi
922 4061 1085 4127 tribuitur
1097 4063 1291 4142 auctoritas,
1305 4069 1344 4128 ut
1355 4063 1489 4129 dicetur

430 4186 505 4229 cum
521 4163 563 4229 de
580 4163 806 4249 scriptoribus
821 4168 994 4229 tractetur.

472 4266 644 4349 Quantum
657 4266 701 4331 ad
712 4266 877 4352 Imaginis
889 4266 1163 4353 descriptionem,
1184 4276 1414 4357 opportunum
1427 4272 1489 4337 du·
