3625 5217
773 590 839 671 251

315 774 415 851 Anno
429 780 515 849 1680
528 776 710 866 Templum
725 775 942 842 inhonorem
957 772 997 839 B.
1014 770 1061 839 M
1077 768 1117 838 V.
1142 768 1185 836 de
1201 766 1339 839 Gnade·

273 889 354 975 lupe
369 882 637 974 perlectumiuit
651 878 838 947 incivitate
854 877 1054 962 Queretaro.
1080 878 1127 957 (1)
1143 875 1339 946 Processio·

272 1012 315 1057 ne
329 987 582 1057 solemnissima
596 985 641 1053 ad
656 983 744 1050 illud
758 980 940 1069 Templum
965 1004 984 1047 e
1011 980 1206 1049 Parochiali
1222 982 1342 1051 Eccle-

273 1094 327 1160 sia
340 1091 494 1159 delatum
509 1090 577 1157 init
591 1086 855 1158 sanctissimum
870 1086 1112 1153 Eucharistiae
1142 1088 1342 1157 Sacramen-

274 1202 358 1274 tum,
373 1199 409 1262 et
423 1192 633 1262 venerabilis
654 1193 775 1280 Imago
791 1191 829 1256 B.
850 1192 893 1256 ll.
911 1193 950 1258 V.
968 1192 1011 1259 de
1027 1192 1240 1282 Guadalupe.
1257 1194 1342 1262 Pro·

274 1297 420 1364 cessioni
435 1298 576 1367 adfuem
591 1298 715 1366 Clerici
725 1298 930 1379 saeculares,
947 1304 983 1366 et
1005 1322 1122 1369 sacrae
1134 1301 1344 1391 Religiones,

273 1410 310 1473 et
323 1405 448 1473 iratres
458 1408 554 1473 tertii
569 1406 712 1475 Ordinis
727 1407 845 1474 Sancti
856 1407 1043 1486 Francisci,
1069 1413 1106 1474 et
1120 1430 1238 1476 omnes
1254 1410 1343 1476 Con·

274 1510 517 1591 fraternitates,
544 1520 580 1581 et
589 1512 705 1581 civiles
717 1512 953 1599 Magistratus,
978 1514 1173 1600 etpopulus
1188 1513 1343 1583 innume·

275 1636 342 1681 rua
359 1614 618 1705 Quinquaginta
632 1624 668 1685 et
682 1617 751 1684 duo
767 1616 972 1683 Sacerdotes
984 1621 1065 1684 tunc
1075 1618 1343 1689 numerabantur

274 1716 310 1783 in
325 1718 596 1807 Congregatione
612 1722 651 1787 B.
668 1722 715 1787 Μ.
732 1722 771 1789 V.
789 1722 832 1788 de
848 1720 1062 1807 Guadalupe.
1082 1722 1127 1807 (2)

317 1843 361 1910 In
376 1844 492 1932 platea
507 1846 691 1934 principali
707 1846 856 1914 civitatis
872 1868 971 1913 mons
986 1846 1127 1931 quidam
1152 1846 1344 1915 artificialis

275 1956 501 2037 praeparatus
510 1949 587 2029 luit,
596 1949 805 2038 Tepeyacatl
814 1956 1201 2037 repraesentans:atque
1213 1974 1343 2017 moram

276 2054 421 2121 iaciente
437 2054 666 2141 processione,
682 2061 735 2123 tot
746 2055 988 2144 spectabilium
1004 2054 1155 2120 virorum
1171 2054 1291 2134 oculis,
1308 2061 1343 2123 et

277 2156 406 2245 populo
421 2158 618 2245 aspiciente,
633 2165 891 2247 repraesentata
902 2158 969 2225 fuit
986 2157 1166 2245 apparitio
1182 2158 1221 2224 Β.
1238 2158 1285 2224 Μ.
1302 2162 1341 2227 V.

277 2261 320 2327 de
335 2259 540 2349 Guadalnpe
555 2262 615 2349 pio
629 2262 805 2351 neophyto
819 2263 843 2329 J
844 2262 947 2328 oanni
963 2261 1106 2327 Didaco.
1144 2262 1225 2328 Duo
1240 2262 1343 2331 etiam

278 2370 437 2451 poemata
465 2388 563 2432 sacra
590 2365 686 2433 fuere
715 2366 859 2433 recitata
888 2365 969 2431 dum
999 2365 1176 2452 processio
1203 2364 1344 2435 incede-

278 2474 338 2534 ret
366 2467 497 2537 Oivitas
512 2474 586 2536 tota
601 2468 768 2536 laetitiam
784 2468 1034 2537 demonstravit
1048 2466 1228 2535 domorum
1245 2492 1343 2537 orna-

279 2575 317 2638 tu
331 2593 393 2659 per
404 2572 506 2652 diem,
519 2579 554 2641 et
569 2573 822 2641 illuminatione
838 2579 1055 2662 pernoctem.
1074 2573 1130 2657 (3).

324 2692 412 2761 Octo
437 2694 561 2762 diebus
587 2696 691 2783 hujus
715 2694 851 2782 Templi
875 2692 1048 2761 dedicatio
1071 2693 1137 2761 luit
1161 2693 1344 2774 celebrata,

280 2796 396 2865 alianis
410 2799 632 2881 solemnibus,
648 2807 685 2868 et
700 2800 924 2867 concionibus
950 2800 1080 2869 habitis
1096 2802 1141 2869 ad
1167 2803 1343 2889 populum.

278 2920 420 2987 Poetica
433 2921 537 2988 etiam
563 2924 772 2991 concertatio
787 2923 875 2990 tanti
905 2923 986 2991 festi
1013 2923 1154 2992 adauxit
1183 2923 1346 3013 splendo-

280 3046 361 3092 rem.
388 3026 435 3108 (4)

321 3147 587 3235 Congregationi
609 3147 646 3215 in
660 3149 825 3214 honorem
840 3146 880 3213 Β.
897 3146 944 3213 Μ.
962 3147 1001 3214 V.
1030 3146 1072 3213 de
1089 3147 1295 3237 Gnedalupe
1311 3149 1347 3215 in

279 3250 418 3318 civitate
445 3249 636 3336 Queretaro
647 3252 838 3329 institutae,
851 3254 913 3316 riri
931 3252 1201 3340 quamplurimi,
1218 3258 1254 3319 et
1269 3274 1348 3320 auc·

279 3372 431 3452 toritate,
463 3378 499 3441 et
527 3374 682 3453 scientia,
712 3379 748 3440 et
778 3373 908 3461 pietate
939 3374 1127 3461 conspicui,
1158 3395 1259 3440 suum
1288 3395 1348 3441 no-

279 3498 357 3543 men
372 3476 508 3543 dedere.
553 3478 597 3543 In
612 3500 716 3564 opere
747 3479 799 3544 cui
816 3478 941 3543 titulus
981 3476 1112 3545 Gloriae
1141 3476 1179 3543 de
1200 3478 1348 3559 Qucrc'to·

278 3602 324 3659 ro,
353 3580 401 3665 (5)
417 3603 439 3646 a
467 3581 677 3647 Doctissimo
702 3580 874 3665 Sigiienza
888 3580 1034 3668 primum
1064 3580 1204 3667 scripta,
1221 3578 1346 3647 deinde

279 3684 524 3772 aPresbytero
538 3684 641 3751 Zelea
670 3683 713 3751 de
729 3683 883 3774 Hidalgo
913 3684 1071 3763 adaucto,
1102 3684 1226 3751 notitia
1242 3681 1348 3751 habe·

281 3912 455 3927 -—

254 3967 256 3970 ¹
320 3984 367 4061 (1)
410 3982 532 4047 Gloriae
546 3982 584 4044 de
596 3982 780 4060 Queretaro,
795 4002 862 4063 cap.
879 4005 908 4057 4.

317 4086 366 4163 (ι)
408 4082 527 4144 Gloriae
541 4084 581 4143 de
595 4081 772 4160 Quartum,
787 4102 853 4162 cap.
871 4101 899 4160 5.

321 4184 367 4259 (3)
409 4182 527 4243 Glorias
542 4184 581 4243 de
596 4182 771 4260 Queretaro,
787 4202 852 4260 cap.
871 4197 886 4258 5
903 4192 935 4244 et
953 4200 977 4256 7.

321 4284 367 4359 (4)
388 4308 391 4313 ·
409 4281 527 4343 Gloriae
543 4282 583 4343 de
597 4283 774 4359 Queretero,
790 4300 857 4361 cap,
874 4284 902 4342 8.

320 4382 366 4465 (5)
406 4382 525 4449 Gloriae
538 4382 579 4447 de
592 4383 770 4465 Querttaro,
792 4400 858 4465 cap.
877 4400 924 4449 rr.
