<?xml version="1.0" encoding="UTF-8"?>
<!DOCTYPE html PUBLIC "-//W3C//DTD XHTML 1.0 Transitional//EN"
    "http://www.w3.org/TR/xhtml1/DTD/xhtml1-transitional.dtd">
<html xmlns="http://www.w3.org/1999/xhtml" xml:lang="en" lang="en">
 <head>
  <title>
</title>
<meta http-equiv="Content-Type" content="text/html;charset=utf-8" />
  <meta name='ocr-system' content='tesseract 3.04.00' />
  <meta name='ocr-capabilities' content='ocr_page ocr_carea ocr_par ocr_line ocrx_word'/>
</head>
<body>
  <div class='ocr_page' id='page_1' title='image "./dissertatiohist00rosagoog_0167.png"; bbox 0 0 3625 5217; ppageno 0'>
   <div class='ocr_carea' id='block_1_1' title="bbox 760 430 824 501">
    <p class='ocr_par' dir='ltr' id='par_1_1' title="bbox 760 430 824 501">
     <span class='ocr_line' id='line_1_1' title="bbox 760 430 824 501; baseline 0 -1"><span class='ocrx_word' id='word_1_1' title='bbox 760 430 824 501; x_wconf 85' lang='grc'>163</span> 
     </span>
    </p>
   </div>
   <div class='ocr_carea' id='block_1_2' title="bbox 260 590 1331 1819">
    <p class='ocr_par' dir='ltr' id='par_1_2' title="bbox 260 590 1331 1819">
     <span class='ocr_line' id='line_1_2' title="bbox 260 590 1325 692; baseline 0.006 -23"><span class='ocrx_word' id='word_1_2' title='bbox 260 602 425 670; x_wconf 90' lang='lat' dir='ltr'>miracula</span> <span class='ocrx_word' id='word_1_3' title='bbox 438 604 460 669; x_wconf 70' lang='lat' dir='ltr'>b</span> <span class='ocrx_word' id='word_1_4' title='bbox 474 602 623 669; x_wconf 90' lang='lat' dir='ltr'>Domino</span> <span class='ocrx_word' id='word_1_5' title='bbox 638 625 701 691; x_wconf 89' lang='lat' dir='ltr'>per</span> <span class='ocrx_word' id='word_1_6' title='bbox 711 604 885 692; x_wconf 88' lang='lat' dir='ltr'>quandam</span> <span class='ocrx_word' id='word_1_7' title='bbox 898 590 1096 691; x_wconf 88' lang='lat' dir='ltr'>Imaginem</span> <span class='ocrx_word' id='word_1_8' title='bbox 1105 604 1144 671; x_wconf 91' lang='lat' dir='ltr'>B.</span> <span class='ocrx_word' id='word_1_9' title='bbox 1160 604 1211 673; x_wconf 87' lang='grc' dir='ltr'>Μ.</span> <span class='ocrx_word' id='word_1_10' title='bbox 1226 604 1265 673; x_wconf 88' lang='lat' dir='ltr'>V.</span> <span class='ocrx_word' id='word_1_11' title='bbox 1282 604 1325 675; x_wconf 88' lang='lat' dir='ltr'>de</span> 
     </span>
     <span class='ocr_line' id='line_1_3' title="bbox 260 704 1326 799; baseline 0.005 -26"><span class='ocrx_word' id='word_1_12' title='bbox 260 704 463 794; x_wconf 84' lang='lat' dir='ltr'>Guadalupe</span> <span class='ocrx_word' id='word_1_13' title='bbox 485 704 704 793; x_wconf 84' lang='lat' dir='ltr'>Oaxaqusnsi</span> <span class='ocrx_word' id='word_1_14' title='bbox 732 706 770 775; x_wconf 87' lang='lat' dir='ltr'>in</span> <span class='ocrx_word' id='word_1_15' title='bbox 798 706 935 774; x_wconf 83' lang='lat' dir='ltr'>civitate</span> <span class='ocrx_word' id='word_1_16' title='bbox 966 710 1117 795; x_wconf 83' lang='lat' dir='ltr'>operata,</span> <span class='ocrx_word' id='word_1_17' title='bbox 1147 728 1236 795; x_wconf 92' lang='lat' dir='ltr'>quae</span> <span class='ocrx_word' id='word_1_18' title='bbox 1266 732 1326 799; x_wconf 89' lang='lat' dir='ltr'>pa-</span> 
     </span>
     <span class='ocr_line' id='line_1_4' title="bbox 260 808 1325 899; baseline 0.006 -25"><span class='ocrx_word' id='word_1_19' title='bbox 260 811 351 874; x_wconf 83' lang='lat' dir='ltr'>trata</span> <span class='ocrx_word' id='word_1_20' title='bbox 360 808 531 877; x_wconf 82' lang='lat' dir='ltr'>intellexit</span> <span class='ocrx_word' id='word_1_21' title='bbox 542 810 586 876; x_wconf 90' lang='lat' dir='ltr'>ad</span> <span class='ocrx_word' id='word_1_22' title='bbox 607 808 709 878; x_wconf 80' lang='lat' dir='ltr'>fidem</span> <span class='ocrx_word' id='word_1_23' title='bbox 722 808 997 890; x_wconf 86' lang='lat' dir='ltr'>confirmandam,</span> <span class='ocrx_word' id='word_1_24' title='bbox 1022 814 1057 877; x_wconf 86' lang='lat' dir='ltr'>et</span> <span class='ocrx_word' id='word_1_25' title='bbox 1085 809 1129 876; x_wconf 84' lang='lat' dir='ltr'>sd</span> <span class='ocrx_word' id='word_1_26' title='bbox 1152 811 1325 899; x_wconf 88' lang='lat' dir='ltr'>Deiparae</span> 
     </span>
     <span class='ocr_line' id='line_1_5' title="bbox 262 909 1326 1002; baseline 0.008 -27"><span class='ocrx_word' id='word_1_27' title='bbox 262 909 478 978; x_wconf 82' lang='lat' dir='ltr'>devotionem</span> <span class='ocrx_word' id='word_1_28' title='bbox 505 912 695 979; x_wconf 78' lang='lat' dir='ltr'>fovendam.</span> <span class='ocrx_word' id='word_1_29' title='bbox 739 912 1001 1001; x_wconf 82' lang='lat' dir='ltr'>Apparitionem</span> <span class='ocrx_word' id='word_1_30' title='bbox 1023 912 1326 1002; x_wconf 84' lang='lat' dir='ltr'>Guadalupensem</span> 
     </span>
     <span class='ocr_line' id='line_1_6' title="bbox 263 1010 1326 1101; baseline 0.004 -24"><span class='ocrx_word' id='word_1_31' title='bbox 263 1010 417 1091; x_wconf 85' lang='lat' dir='ltr'>affirmat,</span> <span class='ocrx_word' id='word_1_32' title='bbox 440 1016 476 1079; x_wconf 90' lang='lat' dir='ltr'>et</span> <span class='ocrx_word' id='word_1_33' title='bbox 489 1012 665 1099; x_wconf 89' lang='lat' dir='ltr'>praecepit</span> <span class='ocrx_word' id='word_1_34' title='bbox 676 1010 823 1097; x_wconf 87' lang='lat' dir='ltr'>quodeo</span> <span class='ocrx_word' id='word_1_35' title='bbox 843 1014 921 1101; x_wconf 88' lang='lat' dir='ltr'>ipso</span> <span class='ocrx_word' id='word_1_36' title='bbox 942 1012 1326 1093; x_wconf 75' lang='lat' dir='ltr'>anno,di0121)ecem-</span> 
     </span>
     <span class='ocr_line' id='line_1_7' title="bbox 263 1106 1328 1203; baseline 0.004 -22"><span class='ocrx_word' id='word_1_37' title='bbox 263 1114 346 1196; x_wconf 87' lang='lat' dir='ltr'>bris,</span> <span class='ocrx_word' id='word_1_38' title='bbox 362 1114 424 1202; x_wconf 90' lang='lat' dir='ltr'>qui</span> <span class='ocrx_word' id='word_1_39' title='bbox 452 1113 519 1181; x_wconf 78' lang='lat' dir='ltr'>fuit</span> <span class='ocrx_word' id='word_1_40' title='bbox 532 1113 608 1181; x_wconf 87' lang='lat' dir='ltr'>dies</span> <span class='ocrx_word' id='word_1_41' title='bbox 617 1113 759 1181; x_wconf 86' lang='lat' dir='ltr'>ultimae</span> <span class='ocrx_word' id='word_1_42' title='bbox 787 1106 1036 1203; x_wconf 77' lang='lat' dir='ltr'>Apparitionie,</span> <span class='ocrx_word' id='word_1_43' title='bbox 1052 1116 1124 1183; x_wconf 82' lang='lat' dir='ltr'>dccc</span> <span class='ocrx_word' id='word_1_44' title='bbox 1138 1116 1188 1183; x_wconf 82' lang='lat' dir='ltr'>del</span> <span class='ocrx_word' id='word_1_45' title='bbox 1211 1140 1276 1185; x_wconf 77' lang='lat' dir='ltr'>mea</span> <span class='ocrx_word' id='word_1_46' title='bbox 1289 1118 1328 1185; x_wconf 75' lang='lat' dir='ltr'>dc</span> 
     </span>
     <span class='ocr_line' id='line_1_8' title="bbox 265 1216 1328 1308; baseline 0.006 -24"><span class='ocrx_word' id='word_1_47' title='bbox 265 1216 452 1298; x_wconf 80' lang='lat' dir='ltr'>Diciembre,</span> <span class='ocrx_word' id='word_1_48' title='bbox 467 1216 573 1282; x_wconf 77' lang='lat' dir='ltr'>diade</span> <span class='ocrx_word' id='word_1_49' title='bbox 585 1216 747 1283; x_wconf 74' lang='lat' dir='ltr'>utillima</span> <span class='ocrx_word' id='word_1_50' title='bbox 759 1240 782 1304; x_wconf 73' lang='lat' dir='ltr'><strong><em>y</em></strong></span> <span class='ocrx_word' id='word_1_51' title='bbox 796 1218 934 1304; x_wconf 66' lang='lat' dir='ltr'>gloriosa</span> <span class='ocrx_word' id='word_1_52' title='bbox 943 1218 1129 1305; x_wconf 80' lang='lat' dir='ltr'>Apuricioa,</span> <span class='ocrx_word' id='word_1_53' title='bbox 1144 1220 1239 1305; x_wconf 81' lang='lat' dir='ltr'>(sunt</span> <span class='ocrx_word' id='word_1_54' title='bbox 1253 1220 1328 1308; x_wconf 81' lang='lat' dir='ltr'>ejus</span> 
     </span>
     <span class='ocr_line' id='line_1_9' title="bbox 265 1319 1328 1407; baseline 0.006 -21"><span class='ocrx_word' id='word_1_55' title='bbox 265 1319 382 1403; x_wconf 84' lang='lat' dir='ltr'>verba)</span> <span class='ocrx_word' id='word_1_56' title='bbox 398 1342 463 1407; x_wconf 88' lang='lat' dir='ltr'>pro</span> <span class='ocrx_word' id='word_1_57' title='bbox 476 1319 665 1407; x_wconf 85' lang='lat' dir='ltr'>gratiarnm</span> <span class='ocrx_word' id='word_1_58' title='bbox 678 1322 811 1387; x_wconf 86' lang='lat' dir='ltr'>actione</span> <span class='ocrx_word' id='word_1_59' title='bbox 826 1320 955 1389; x_wconf 79' lang='lat' dir='ltr'>festum</span> <span class='ocrx_word' id='word_1_60' title='bbox 970 1320 1202 1391; x_wconf 65' lang='lat' dir='ltr'>celebraretur</span> <span class='ocrx_word' id='word_1_61' title='bbox 1216 1322 1252 1391; x_wconf 93' lang='lat' dir='ltr'>in</span> <span class='ocrx_word' id='word_1_62' title='bbox 1267 1324 1328 1392; x_wconf 91' lang='lat' dir='ltr'>ho·</span> 
     </span>
     <span class='ocr_line' id='line_1_10' title="bbox 266 1412 1328 1513; baseline 0.006 -23"><span class='ocrx_word' id='word_1_63' title='bbox 266 1445 382 1491; x_wconf 89' lang='lat' dir='ltr'>uorem</span> <span class='ocrx_word' id='word_1_64' title='bbox 391 1422 431 1489; x_wconf 90' lang='lat' dir='ltr'>B.</span> <span class='ocrx_word' id='word_1_65' title='bbox 448 1423 495 1489; x_wconf 91' lang='grc' dir='ltr'><strong>Μ</strong></span> <span class='ocrx_word' id='word_1_66' title='bbox 511 1422 551 1491; x_wconf 89' lang='lat' dir='ltr'>V.</span> <span class='ocrx_word' id='word_1_67' title='bbox 568 1422 611 1490; x_wconf 88' lang='lat' dir='ltr'>de</span> <span class='ocrx_word' id='word_1_68' title='bbox 626 1412 830 1513; x_wconf 76' lang='lat' dir='ltr'>Guadalupe</span> <span class='ocrx_word' id='word_1_69' title='bbox 852 1424 889 1491; x_wconf 90' lang='lat' dir='ltr'>in</span> <span class='ocrx_word' id='word_1_70' title='bbox 904 1423 980 1511; x_wconf 83' lang='lat' dir='ltr'>ejus</span> <span class='ocrx_word' id='word_1_71' title='bbox 994 1424 1125 1513; x_wconf 86' lang='lat' dir='ltr'>templo</span> <span class='ocrx_word' id='word_1_72' title='bbox 1139 1424 1176 1493; x_wconf 93' lang='lat' dir='ltr'>in</span> <span class='ocrx_word' id='word_1_73' title='bbox 1191 1427 1328 1497; x_wconf 84' lang='lat' dir='ltr'>civitate</span> 
     </span>
     <span class='ocr_line' id='line_1_11' title="bbox 265 1524 1331 1616; baseline 0.01 -25"><span class='ocrx_word' id='word_1_74' title='bbox 265 1524 334 1607; x_wconf 86' lang='lat' dir='ltr'>illa,</span> <span class='ocrx_word' id='word_1_75' title='bbox 351 1526 428 1614; x_wconf 92' lang='lat' dir='ltr'>ipso</span> <span class='ocrx_word' id='word_1_76' title='bbox 442 1526 607 1595; x_wconf 82' lang='lat' dir='ltr'>Antistite</span> <span class='ocrx_word' id='word_1_77' title='bbox 634 1527 827 1609; x_wconf 74' lang='lat' dir='ltr'>assistente,</span> <span class='ocrx_word' id='word_1_78' title='bbox 858 1534 893 1595; x_wconf 84' lang='lat' dir='ltr'>et</span> <span class='ocrx_word' id='word_1_79' title='bbox 906 1526 1077 1616; x_wconf 69' lang='lat' dir='ltr'>Capitale</span> <span class='ocrx_word' id='word_1_80' title='bbox 1099 1529 1331 1615; x_wconf 75' lang='lat' dir='ltr'>cathedralis,</span> 
     </span>
     <span class='ocr_line' id='line_1_12' title="bbox 266 1628 1331 1726; baseline 0.01 -32"><span class='ocrx_word' id='word_1_81' title='bbox 266 1628 374 1696; x_wconf 87' lang='lat' dir='ltr'>Missa</span> <span class='ocrx_word' id='word_1_82' title='bbox 385 1629 583 1697; x_wconf 88' lang='lat' dir='ltr'>solemniter</span> <span class='ocrx_word' id='word_1_83' title='bbox 598 1630 779 1712; x_wconf 83' lang='lat' dir='ltr'>celebrate,</span> <span class='ocrx_word' id='word_1_84' title='bbox 795 1637 832 1699; x_wconf 90' lang='lat' dir='ltr'>et</span> <span class='ocrx_word' id='word_1_85' title='bbox 846 1630 1010 1699; x_wconf 86' lang='lat' dir='ltr'>concione</span> <span class='ocrx_word' id='word_1_86' title='bbox 1031 1631 1150 1703; x_wconf 84' lang='lat' dir='ltr'>habile</span> <span class='ocrx_word' id='word_1_87' title='bbox 1161 1633 1206 1702; x_wconf 87' lang='lat' dir='ltr'>ad</span> <span class='ocrx_word' id='word_1_88' title='bbox 1221 1658 1331 1726; x_wconf 88' lang='lat' dir='ltr'>popu·</span> 
     </span>
     <span class='ocr_line' id='line_1_13' title="bbox 267 1733 413 1819; baseline -0.014 -18"><span class='ocrx_word' id='word_1_89' title='bbox 267 1734 347 1801; x_wconf 87' lang='lat' dir='ltr'>lum</span> <span class='ocrx_word' id='word_1_90' title='bbox 366 1733 413 1819; x_wconf 76' lang='lat'>(1)</span> 
     </span>
    </p>
   </div>
   <div class='ocr_carea' id='block_1_3' title="bbox 269 1869 1332 2057">
    <p class='ocr_par' dir='ltr' id='par_1_3' title="bbox 269 1869 1332 2057">
     <span class='ocr_line' id='line_1_14' title="bbox 310 1869 1332 1955; baseline 0.007 -17"><span class='ocrx_word' id='word_1_91' title='bbox 310 1872 360 1939; x_wconf 78' lang='lat'>21.</span> <span class='ocrx_word' id='word_1_92' title='bbox 383 1869 691 1938; x_wconf 86' lang='lat' dir='ltr'>DoctorNicolaue</span> <span class='ocrx_word' id='word_1_93' title='bbox 702 1870 884 1941; x_wconf 84' lang='lat' dir='ltr'>Gomezde</span> <span class='ocrx_word' id='word_1_94' title='bbox 896 1872 1093 1955; x_wconf 74' lang='lat' dir='ltr'>cervariae,</span> <span class='ocrx_word' id='word_1_95' title='bbox 1109 1874 1332 1946; x_wconf 85' lang='lat' dir='ltr'>Archidiaco·</span> 
     </span>
     <span class='ocr_line' id='line_1_15' title="bbox 269 1972 1332 2057; baseline 0.007 -15"><span class='ocrx_word' id='word_1_96' title='bbox 269 1998 343 2055; x_wconf 85' lang='lat' dir='ltr'>nus,</span> <span class='ocrx_word' id='word_1_97' title='bbox 352 1975 485 2041; x_wconf 85' lang='lat' dir='ltr'>Doctcr</span> <span class='ocrx_word' id='word_1_98' title='bbox 496 1972 618 2041; x_wconf 86' lang='lat' dir='ltr'>Petrus</span> <span class='ocrx_word' id='word_1_99' title='bbox 648 1973 800 2055; x_wconf 86' lang='lat' dir='ltr'>Otalora,</span> <span class='ocrx_word' id='word_1_100' title='bbox 819 1975 1022 2057; x_wconf 83' lang='lat' dir='ltr'>Canonicus,</span> <span class='ocrx_word' id='word_1_101' title='bbox 1047 1976 1102 2045; x_wconf 87' lang='lat' dir='ltr'>Fr.</span> <span class='ocrx_word' id='word_1_102' title='bbox 1126 1978 1332 2049; x_wconf 86' lang='lat' dir='ltr'>Franciscus</span> 
     </span>
    </p>
   </div>
   <div class='ocr_carea' id='block_1_4' title="bbox 270 2076 1333 2167">
    <p class='ocr_par' dir='ltr' id='par_1_4' title="bbox 270 2076 1333 2167">
     <span class='ocr_line' id='line_1_16' title="bbox 270 2076 1333 2167; baseline 0.008 -24"><span class='ocrx_word' id='word_1_103' title='bbox 270 2078 413 2167; x_wconf 87' lang='lat' dir='ltr'>Burgoe,</span> <span class='ocrx_word' id='word_1_104' title='bbox 427 2078 483 2145; x_wconf 84' lang='lat' dir='ltr'>Fr.</span> <span class='ocrx_word' id='word_1_105' title='bbox 494 2077 658 2145; x_wconf 86' lang='lat' dir='ltr'>Nicolaue</span> <span class='ocrx_word' id='word_1_106' title='bbox 674 2077 833 2157; x_wconf 77' lang='lat' dir='ltr'>cabrera,</span> <span class='ocrx_word' id='word_1_107' title='bbox 846 2076 901 2144; x_wconf 82' lang='lat' dir='ltr'>Fr.</span> <span class='ocrx_word' id='word_1_108' title='bbox 919 2078 1191 2167; x_wconf 84' lang='lat' dir='ltr'>Christophorus</span> <span class='ocrx_word' id='word_1_109' title='bbox 1206 2080 1227 2149; x_wconf 69' lang='lat' dir='ltr'>a</span> <span class='ocrx_word' id='word_1_110' title='bbox 1244 2082 1333 2151; x_wconf 84' lang='lat' dir='ltr'>Gon·</span> 
     </span>
    </p>
   </div>
   <div class='ocr_carea' id='block_1_5' title="bbox 269 2179 1335 2563">
    <p class='ocr_par' dir='ltr' id='par_1_5' title="bbox 269 2179 1335 2563">
     <span class='ocr_line' id='line_1_17' title="bbox 270 2179 1333 2271; baseline 0.004 -21"><span class='ocrx_word' id='word_1_111' title='bbox 270 2184 437 2271; x_wconf 83' lang='lat' dir='ltr'>ceptione,</span> <span class='ocrx_word' id='word_1_112' title='bbox 451 2183 507 2250; x_wconf 86' lang='lat' dir='ltr'>Fr.</span> <span class='ocrx_word' id='word_1_113' title='bbox 518 2179 653 2269; x_wconf 87' lang='lat' dir='ltr'>Joseph</span> <span class='ocrx_word' id='word_1_114' title='bbox 668 2180 871 2269; x_wconf 80' lang='lat' dir='ltr'>Rodriguea,</span> <span class='ocrx_word' id='word_1_115' title='bbox 889 2181 945 2248; x_wconf 86' lang='lat' dir='ltr'>Fr.</span> <span class='ocrx_word' id='word_1_116' title='bbox 965 2181 1129 2251; x_wconf 87' lang='lat' dir='ltr'>Nicolaus</span> <span class='ocrx_word' id='word_1_117' title='bbox 1146 2184 1333 2269; x_wconf 75' lang='lat' dir='ltr'>castellon,</span> 
     </span>
     <span class='ocr_line' id='line_1_18' title="bbox 269 2282 1334 2375; baseline 0.005 -23"><span class='ocrx_word' id='word_1_118' title='bbox 269 2284 325 2355; x_wconf 67' lang='lat'>1²1.</span> <span class='ocrx_word' id='word_1_119' title='bbox 340 2289 365 2356; x_wconf 84' lang='lat' dir='ltr'><strong>J</strong></span> <span class='ocrx_word' id='word_1_120' title='bbox 365 2287 475 2375; x_wconf 89' lang='lat' dir='ltr'>oseph</span> <span class='ocrx_word' id='word_1_121' title='bbox 489 2286 532 2352; x_wconf 88' lang='lat' dir='ltr'>de</span> <span class='ocrx_word' id='word_1_122' title='bbox 547 2284 683 2365; x_wconf 79' lang='lat' dir='ltr'>Rirera,</span> <span class='ocrx_word' id='word_1_123' title='bbox 698 2282 753 2350; x_wconf 83' lang='lat' dir='ltr'>Fr.</span> <span class='ocrx_word' id='word_1_124' title='bbox 772 2292 918 2353; x_wconf 86' lang='lat' dir='ltr'>Lazarus</span> <span class='ocrx_word' id='word_1_125' title='bbox 933 2286 1153 2367; x_wconf 83' lang='lat' dir='ltr'>Escobar,Fr.</span> <span class='ocrx_word' id='word_1_126' title='bbox 1170 2286 1334 2357; x_wconf 87' lang='lat' dir='ltr'>Nicolaus</span> 
     </span>
     <span class='ocr_line' id='line_1_19' title="bbox 270 2384 1335 2476; baseline -0.001 -15"><span class='ocrx_word' id='word_1_127' title='bbox 270 2391 410 2471; x_wconf 83' lang='lat' dir='ltr'>Robles,</span> <span class='ocrx_word' id='word_1_128' title='bbox 426 2390 465 2456; x_wconf 93' lang='lat' dir='ltr'>P.</span> <span class='ocrx_word' id='word_1_129' title='bbox 480 2386 695 2476; x_wconf 80' lang='lat' dir='ltr'>Augustinus</span> <span class='ocrx_word' id='word_1_130' title='bbox 709 2384 851 2474; x_wconf 85' lang='lat' dir='ltr'>Vargas,</span> <span class='ocrx_word' id='word_1_131' title='bbox 867 2392 905 2455; x_wconf 87' lang='lat' dir='ltr'>et</span> <span class='ocrx_word' id='word_1_132' title='bbox 919 2386 955 2453; x_wconf 91' lang='lat' dir='ltr'>P.</span> <span class='ocrx_word' id='word_1_133' title='bbox 972 2388 1177 2457; x_wconf 76' lang='lat' dir='ltr'>Emmanuel</span> <span class='ocrx_word' id='word_1_134' title='bbox 1188 2388 1335 2459; x_wconf 80' lang='lat' dir='ltr'>Venari·</span> 
     </span>
     <span class='ocr_line' id='line_1_20' title="bbox 272 2496 342 2563; baseline -0.029 0"><span class='ocrx_word' id='word_1_135' title='bbox 272 2496 342 2563; x_wconf 83' lang='lat' dir='ltr'>dea</span> 
     </span>
    </p>
   </div>
   <div class='ocr_carea' id='block_1_6' title="bbox 314 2574 1474 2651">
    <p class='ocr_par' dir='ltr' id='par_1_6' title="bbox 314 2574 1474 2651">
     <span class='ocr_line' id='line_1_21' title="bbox 314 2574 1474 2651; baseline -0.002 -4"><span class='ocrx_word' id='word_1_136' title='bbox 314 2580 392 2647; x_wconf 90' lang='lat' dir='ltr'>Hos</span> <span class='ocrx_word' id='word_1_137' title='bbox 401 2578 574 2646; x_wconf 89' lang='lat' dir='ltr'>consuluit</span> <span class='ocrx_word' id='word_1_138' title='bbox 584 2577 694 2643; x_wconf 88' lang='lat' dir='ltr'>Rmus</span> <span class='ocrx_word' id='word_1_139' title='bbox 704 2574 923 2642; x_wconf 77' lang='lat' dir='ltr'>Montemoeo</span> <span class='ocrx_word' id='word_1_140' title='bbox 938 2576 981 2643; x_wconf 83' lang='lat' dir='ltr'>tle</span> <span class='ocrx_word' id='word_1_141' title='bbox 993 2578 1167 2647; x_wconf 82' lang='lat' dir='ltr'>miraculis</span> <span class='ocrx_word' id='word_1_142' title='bbox 1178 2578 1218 2647; x_wconf 92' lang='lat' dir='ltr'>B.</span> <span class='ocrx_word' id='word_1_143' title='bbox 1235 2581 1282 2649; x_wconf 93' lang='grc' dir='ltr'>Μ.</span> <span class='ocrx_word' id='word_1_144' title='bbox 1294 2582 1333 2651; x_wconf 88' lang='lat' dir='ltr'>V.</span> <span class='ocrx_word' id='word_1_145' title='bbox 1439 2598 1474 2645; x_wconf 61' lang='lat'>¹·-</span> 
     </span>
    </p>
   </div>
   <div class='ocr_carea' id='block_1_7' title="bbox 272 2677 1338 2975">
    <p class='ocr_par' dir='ltr' id='par_1_7' title="bbox 272 2677 1338 2975">
     <span class='ocr_line' id='line_1_22' title="bbox 272 2677 1337 2769; baseline 0.001 -17"><span class='ocrx_word' id='word_1_146' title='bbox 272 2683 315 2752; x_wconf 90' lang='lat' dir='ltr'>de</span> <span class='ocrx_word' id='word_1_147' title='bbox 325 2682 539 2769; x_wconf 88' lang='lat' dir='ltr'>Guadalupe,</span> <span class='ocrx_word' id='word_1_148' title='bbox 555 2700 644 2767; x_wconf 88' lang='lat' dir='ltr'>quae</span> <span class='ocrx_word' id='word_1_149' title='bbox 655 2700 735 2746; x_wconf 84' lang='lat' dir='ltr'>vera</span> <span class='ocrx_word' id='word_1_150' title='bbox 749 2677 947 2759; x_wconf 60' lang='lat' dir='ltr'>declaravit</span> <span class='ocrx_word' id='word_1_151' title='bbox 956 2686 1059 2769; x_wconf 84' lang='lat' dir='ltr'>atque</span> <span class='ocrx_word' id='word_1_152' title='bbox 1075 2682 1113 2750; x_wconf 90' lang='lat' dir='ltr'>hi</span> <span class='ocrx_word' id='word_1_153' title='bbox 1125 2704 1244 2751; x_wconf 84' lang='lat' dir='ltr'>omues</span> <span class='ocrx_word' id='word_1_154' title='bbox 1255 2704 1337 2754; x_wconf 80' lang='lat' dir='ltr'>vera</span> 
     </span>
     <span class='ocr_line' id='line_1_23' title="bbox 272 2780 1338 2871; baseline 0.002 -15"><span class='ocrx_word' id='word_1_155' title='bbox 272 2790 334 2856; x_wconf 92' lang='lat' dir='ltr'>illa</span> <span class='ocrx_word' id='word_1_156' title='bbox 347 2786 513 2855; x_wconf 88' lang='lat' dir='ltr'>miracula</span> <span class='ocrx_word' id='word_1_157' title='bbox 526 2783 731 2871; x_wconf 84' lang='lat' dir='ltr'>judicarunt,</span> <span class='ocrx_word' id='word_1_158' title='bbox 745 2780 818 2848; x_wconf 85' lang='lat' dir='ltr'>Nec</span> <span class='ocrx_word' id='word_1_159' title='bbox 839 2780 985 2849; x_wconf 88' lang='lat' dir='ltr'>dubium</span> <span class='ocrx_word' id='word_1_160' title='bbox 1013 2786 1107 2871; x_wconf 89' lang='lat' dir='ltr'>quod</span> <span class='ocrx_word' id='word_1_161' title='bbox 1122 2786 1214 2853; x_wconf 84' lang='lat' dir='ltr'>itlem</span> <span class='ocrx_word' id='word_1_162' title='bbox 1229 2790 1338 2858; x_wconf 85' lang='lat' dir='ltr'>sensit</span> 
     </span>
     <span class='ocr_line' id='line_1_24' title="bbox 272 2882 1250 2975; baseline -0.004 -15"><span class='ocrx_word' id='word_1_163' title='bbox 272 2891 431 2959; x_wconf 86' lang='lat' dir='ltr'>Vicarius</span> <span class='ocrx_word' id='word_1_164' title='bbox 444 2885 635 2965; x_wconf 81' lang='lat' dir='ltr'>Generalis,</span> <span class='ocrx_word' id='word_1_165' title='bbox 651 2882 713 2971; x_wconf 92' lang='lat' dir='ltr'>qui</span> <span class='ocrx_word' id='word_1_166' title='bbox 726 2883 769 2951; x_wconf 88' lang='lat' dir='ltr'>ds</span> <span class='ocrx_word' id='word_1_167' title='bbox 780 2883 847 2951; x_wconf 85' lang='lat' dir='ltr'>hoc</span> <span class='ocrx_word' id='word_1_168' title='bbox 856 2883 1002 2970; x_wconf 84' lang='lat' dir='ltr'>juridice</span> <span class='ocrx_word' id='word_1_169' title='bbox 1018 2888 1184 2975; x_wconf 82' lang='lat' dir='ltr'>cognovit</span> <span class='ocrx_word' id='word_1_170' title='bbox 1202 2892 1250 2975; x_wconf 84' lang='lat'>(2)</span> 
     </span>
    </p>
   </div>
   <div class='ocr_carea' id='block_1_8' title="bbox 274 3039 1364 3747">
    <p class='ocr_par' dir='ltr' id='par_1_8' title="bbox 274 3039 1364 3747">
     <span class='ocr_line' id='line_1_25' title="bbox 315 3039 1340 3132; baseline 0.001 -19"><span class='ocrx_word' id='word_1_171' title='bbox 315 3047 367 3113; x_wconf 69' lang='lat'>22</span> <span class='ocrx_word' id='word_1_172' title='bbox 409 3044 559 3111; x_wconf 90' lang='lat' dir='ltr'>Becerra</span> <span class='ocrx_word' id='word_1_173' title='bbox 572 3040 687 3107; x_wconf 80' lang='lat' dir='ltr'>Tance</span> <span class='ocrx_word' id='word_1_174' title='bbox 701 3039 744 3105; x_wconf 92' lang='lat' dir='ltr'>D.</span> <span class='ocrx_word' id='word_1_175' title='bbox 767 3039 975 3122; x_wconf 84' lang='lat' dir='ltr'>Ludovicus,</span> <span class='ocrx_word' id='word_1_176' title='bbox 981 3040 1188 3131; x_wconf 81' lang='lat' dir='ltr'>-Presbyter,</span> <span class='ocrx_word' id='word_1_177' title='bbox 1204 3044 1340 3132; x_wconf 87' lang='lat' dir='ltr'>peritus</span> 
     </span>
     <span class='ocr_line' id='line_1_26' title="bbox 274 3142 1338 3238; baseline 0 -23"><span class='ocrx_word' id='word_1_178' title='bbox 274 3150 486 3238; x_wconf 79' lang='lat' dir='ltr'>hinguarum</span> <span class='ocrx_word' id='word_1_179' title='bbox 514 3143 669 3223; x_wconf 80' lang='lat' dir='ltr'>Latinae,</span> <span class='ocrx_word' id='word_1_180' title='bbox 701 3142 905 3225; x_wconf 88' lang='lat' dir='ltr'>Hebraicae,</span> <span class='ocrx_word' id='word_1_181' title='bbox 938 3144 1101 3226; x_wconf 75' lang='lat' dir='ltr'>Graecae,</span> <span class='ocrx_word' id='word_1_182' title='bbox 1130 3146 1338 3229; x_wconf 86' lang='lat' dir='ltr'>Mexicsnae,</span> 
     </span>
     <span class='ocr_line' id='line_1_27' title="bbox 275 3244 1340 3333; baseline -0.005 -15"><span class='ocrx_word' id='word_1_183' title='bbox 275 3249 459 3327; x_wconf 82' lang='lat' dir='ltr'>Otemitse,</span> <span class='ocrx_word' id='word_1_184' title='bbox 468 3246 622 3327; x_wconf 85' lang='lat' dir='ltr'>Italicae,</span> <span class='ocrx_word' id='word_1_185' title='bbox 632 3250 710 3323; x_wconf 77' lang='lat' dir='ltr'>etc3</span> <span class='ocrx_word' id='word_1_186' title='bbox 721 3244 844 3311; x_wconf 86' lang='lat' dir='ltr'>doctus</span> <span class='ocrx_word' id='word_1_187' title='bbox 854 3244 892 3310; x_wconf 91' lang='lat' dir='ltr'>in</span> <span class='ocrx_word' id='word_1_188' title='bbox 918 3244 1115 3333; x_wconf 79' lang='lat' dir='ltr'>Theologia,</span> <span class='ocrx_word' id='word_1_189' title='bbox 1131 3253 1167 3315; x_wconf 88' lang='lat' dir='ltr'>et</span> <span class='ocrx_word' id='word_1_190' title='bbox 1180 3245 1340 3314; x_wconf 88' lang='lat' dir='ltr'>Philoso-</span> 
     </span>
     <span class='ocr_line' id='line_1_28' title="bbox 276 3345 1340 3443; baseline -0.002 -23"><span class='ocrx_word' id='word_1_191' title='bbox 276 3353 369 3443; x_wconf 85' lang='lat' dir='ltr'>phin,</span> <span class='ocrx_word' id='word_1_192' title='bbox 397 3358 434 3419; x_wconf 88' lang='lat' dir='ltr'>et</span> <span class='ocrx_word' id='word_1_193' title='bbox 447 3348 644 3428; x_wconf 87' lang='lat' dir='ltr'>Rhetorica,</span> <span class='ocrx_word' id='word_1_194' title='bbox 658 3352 695 3417; x_wconf 90' lang='lat' dir='ltr'>et</span> <span class='ocrx_word' id='word_1_195' title='bbox 707 3346 822 3427; x_wconf 90' lang='lat' dir='ltr'>Poesi;</span> <span class='ocrx_word' id='word_1_196' title='bbox 835 3345 1006 3436; x_wconf 83' lang='lat' dir='ltr'>Physicae</span> <span class='ocrx_word' id='word_1_197' title='bbox 1021 3348 1225 3435; x_wconf 79' lang='lat' dir='ltr'>regulariter</span> <span class='ocrx_word' id='word_1_198' title='bbox 1249 3350 1340 3439; x_wconf 86' lang='lat' dir='ltr'>peri-</span> 
     </span>
     <span class='ocr_line' id='line_1_29' title="bbox 276 3448 1364 3539; baseline -0.004 -13"><span class='ocrx_word' id='word_1_199' title='bbox 276 3464 343 3526; x_wconf 87' lang='lat' dir='ltr'>tus.</span> <span class='ocrx_word' id='word_1_200' title='bbox 365 3454 581 3522; x_wconf 82' lang='lat' dir='ltr'>Mexicanam</span> <span class='ocrx_word' id='word_1_201' title='bbox 596 3452 766 3539; x_wconf 84' lang='lat' dir='ltr'>Linguam</span> <span class='ocrx_word' id='word_1_202' title='bbox 787 3456 824 3517; x_wconf 89' lang='lat' dir='ltr'>et</span> <span class='ocrx_word' id='word_1_203' title='bbox 839 3448 1029 3519; x_wconf 83' lang='lat' dir='ltr'>Otomitam</span> <span class='ocrx_word' id='word_1_204' title='bbox 1043 3450 1182 3539; x_wconf 90' lang='lat' dir='ltr'>publice</span> <span class='ocrx_word' id='word_1_205' title='bbox 1211 3452 1339 3535; x_wconf 88' lang='lat' dir='ltr'>docuit,</span> <span class='ocrx_word' id='word_1_206' title='bbox 1359 3488 1364 3499; x_wconf 92' lang='lat'><em>·</em></span> 
     </span>
     <span class='ocr_line' id='line_1_30' title="bbox 277 3554 1340 3627; baseline -0.004 0"><span class='ocrx_word' id='word_1_207' title='bbox 277 3566 313 3627; x_wconf 90' lang='lat' dir='ltr'>et</span> <span class='ocrx_word' id='word_1_208' title='bbox 326 3558 526 3626; x_wconf 84' lang='lat' dir='ltr'>Matheseoe</span> <span class='ocrx_word' id='word_1_209' title='bbox 549 3556 747 3624; x_wconf 86' lang='lat' dir='ltr'>cathedram</span> <span class='ocrx_word' id='word_1_210' title='bbox 761 3554 914 3624; x_wconf 90' lang='lat' dir='ltr'>obtinuit</span> <span class='ocrx_word' id='word_1_211' title='bbox 927 3555 964 3623; x_wconf 90' lang='lat' dir='ltr'>in</span> <span class='ocrx_word' id='word_1_212' title='bbox 986 3554 1168 3623; x_wconf 82' lang='lat' dir='ltr'>Mexicana</span> <span class='ocrx_word' id='word_1_213' title='bbox 1195 3554 1340 3623; x_wconf 81' lang='lat' dir='ltr'>Univer-</span> 
     </span>
     <span class='ocr_line' id='line_1_31' title="bbox 279 3660 649 3747; baseline -0.014 -16"><span class='ocrx_word' id='word_1_214' title='bbox 279 3664 390 3731; x_wconf 87' lang='lat' dir='ltr'>sitate.</span> <span class='ocrx_word' id='word_1_215' title='bbox 422 3662 469 3747; x_wconf 86' lang='grc'>(3)</span> <span class='ocrx_word' id='word_1_216' title='bbox 499 3660 649 3747; x_wconf 80' lang='lat' dir='ltr'>Scripsit</span> 
     </span>
    </p>
   </div>
   <div class='ocr_carea' id='block_1_9' title="bbox 279 3786 408 3801">
    <p class='ocr_par' dir='ltr' id='par_1_9' title="bbox 279 3786 408 3801">
     <span class='ocr_line' id='line_1_32' title="bbox 279 3786 408 3801; baseline -0.016 0"><span class='ocrx_word' id='word_1_217' title='bbox 279 3786 408 3801; x_wconf 50' lang='lat' dir='ltr'><strong><em>m</em></strong></span> 
     </span>
    </p>
   </div>
   <div class='ocr_carea' id='block_1_10' title="bbox 280 3829 1344 4013">
    <p class='ocr_par' dir='ltr' id='par_1_10' title="bbox 280 3829 1344 4013">
     <span class='ocr_line' id='line_1_33' title="bbox 319 3829 1343 3915; baseline -0.003 -18"><span class='ocrx_word' id='word_1_218' title='bbox 319 3840 364 3915; x_wconf 88' lang='lat'>(1)</span> <span class='ocrx_word' id='word_1_219' title='bbox 407 3832 573 3909; x_wconf 80' lang='lat' dir='ltr'>Floreucia,</span> <span class='ocrx_word' id='word_1_220' title='bbox 589 3833 715 3895; x_wconf 76' lang='lat' dir='ltr'>Fstrella</span> <span class='ocrx_word' id='word_1_221' title='bbox 729 3832 779 3893; x_wconf 86' lang='lat' dir='ltr'>del</span> <span class='ocrx_word' id='word_1_222' title='bbox 806 3832 902 3894; x_wconf 83' lang='lat' dir='ltr'>Norte</span> <span class='ocrx_word' id='word_1_223' title='bbox 918 3831 957 3893; x_wconf 88' lang='lat' dir='ltr'>de</span> <span class='ocrx_word' id='word_1_224' title='bbox 972 3829 1102 3901; x_wconf 72' lang='lat' dir='ltr'>Mtxico.</span> <span class='ocrx_word' id='word_1_225' title='bbox 1117 3852 1181 3913; x_wconf 81' lang='lat' dir='ltr'>cap.</span> <span class='ocrx_word' id='word_1_226' title='bbox 1213 3835 1260 3895; x_wconf 84' lang='lat'>26.</span> <span class='ocrx_word' id='word_1_227' title='bbox 1303 3834 1343 3895; x_wconf 74' lang='lat' dir='ltr'>Et</span> 
     </span>
     <span class='ocr_line' id='line_1_34' title="bbox 280 3928 1344 4013; baseline -0.011 -14"><span class='ocrx_word' id='word_1_228' title='bbox 280 3938 388 3999; x_wconf 82' lang='lat' dir='ltr'>eudem</span> <span class='ocrx_word' id='word_1_229' title='bbox 401 3954 467 4013; x_wconf 83' lang='lat' dir='ltr'>cap.</span> <span class='ocrx_word' id='word_1_230' title='bbox 483 3936 567 3995; x_wconf 78' lang='lat' dir='ltr'>uum.</span> <span class='ocrx_word' id='word_1_231' title='bbox 584 3934 643 4011; x_wconf 85' lang='lat'>29⁶</span> <span class='ocrx_word' id='word_1_232' title='bbox 657 3930 826 3993; x_wconf 81' lang='lat' dir='ltr'>transcribit</span> <span class='ocrx_word' id='word_1_233' title='bbox 840 3931 881 3995; x_wconf 86' lang='lat' dir='ltr'>ad</span> <span class='ocrx_word' id='word_1_234' title='bbox 895 3928 1025 3991; x_wconf 83' lang='lat' dir='ltr'>litteram</span> <span class='ocrx_word' id='word_1_235' title='bbox 1042 3930 1197 3993; x_wconf 85' lang='lat' dir='ltr'>decretum</span> <span class='ocrx_word' id='word_1_236' title='bbox 1217 3932 1344 4011; x_wconf 81' lang='lat' dir='ltr'>Episcc.</span> 
     </span>
    </p>
   </div>
   <div class='ocr_carea' id='block_1_11' title="bbox 280 4048 1003 4207">
    <p class='ocr_par' dir='ltr' id='par_1_11' title="bbox 280 4048 1003 4207">
     <span class='ocr_line' id='line_1_35' title="bbox 280 4048 1003 4207; baseline -0.012 -19"><span class='ocrx_word' id='word_1_237' title='bbox 280 4048 366 4207; x_wconf 53' lang='lat' dir='ltr'>palei)</span> <span class='ocrx_word' id='word_1_238' title='bbox 408 4123 566 4189; x_wconf 81' lang='lat' dir='ltr'>Florencia</span> <span class='ocrx_word' id='word_1_239' title='bbox 578 4123 611 4185; x_wconf 86' lang='lat' dir='ltr'>ib</span> <span class='ocrx_word' id='word_1_240' title='bbox 625 4122 734 4186; x_wconf 84' lang='lat' dir='ltr'>eodem</span> <span class='ocrx_word' id='word_1_241' title='bbox 749 4140 816 4201; x_wconf 81' lang='lat' dir='ltr'>cap.</span> <span class='ocrx_word' id='word_1_242' title='bbox 830 4120 916 4182; x_wconf 80' lang='lat' dir='ltr'>urim.</span> <span class='ocrx_word' id='word_1_243' title='bbox 935 4136 1003 4199; x_wconf 81' lang='lat'><strong>²95·</strong></span> 
     </span>
    </p>
   </div>
   <div class='ocr_carea' id='block_1_12' title="bbox 323 4212 1301 4304">
    <p class='ocr_par' dir='ltr' id='par_1_12' title="bbox 323 4212 1301 4304">
     <span class='ocr_line' id='line_1_36' title="bbox 323 4212 1301 4304; baseline -0.018 -12"><span class='ocrx_word' id='word_1_244' title='bbox 323 4225 369 4304; x_wconf 84' lang='lat'>(3)</span> <span class='ocrx_word' id='word_1_245' title='bbox 409 4223 559 4290; x_wconf 77' lang='lat' dir='ltr'>Berisuiu</span> <span class='ocrx_word' id='word_1_246' title='bbox 573 4222 692 4286; x_wconf 72' lang='lat' dir='ltr'>Biblini.</span> <span class='ocrx_word' id='word_1_247' title='bbox 709 4220 791 4299; x_wconf 83' lang='lat' dir='ltr'>Hisp</span> <span class='ocrx_word' id='word_1_248' title='bbox 805 4218 936 4283; x_wconf 71' lang='lat' dir='ltr'>Ameria.</span> <span class='ocrx_word' id='word_1_249' title='bbox 953 4228 1007 4281; x_wconf 79' lang='lat' dir='ltr'>art</span> <span class='ocrx_word' id='word_1_250' title='bbox 1024 4216 1152 4281; x_wconf 79' lang='lat' dir='ltr'>Becena</span> <span class='ocrx_word' id='word_1_251' title='bbox 1165 4216 1205 4279; x_wconf 88' lang='lat' dir='ltr'>D.</span> <span class='ocrx_word' id='word_1_252' title='bbox 1221 4212 1301 4285; x_wconf 77' lang='lat' dir='ltr'>Luia</span> 
     </span>
    </p>
   </div>
   <div class='ocr_carea' id='block_1_13' title="bbox 0 0 1848 5217">
    <p class='ocr_par' dir='ltr' id='par_1_13' title="bbox 0 0 1848 5217">
     <span class='ocr_line' id='line_1_37' title="bbox 0 0 1848 5217; baseline 0 0"><span class='ocrx_word' id='word_1_253' title='bbox 0 0 1848 5217; x_wconf 95' lang='lat' dir='ltr'> </span> 
     </span>
    </p>
   </div>
  </div>
 </body>
</html>
