3625 5217
640 1584 1131 1728 INDEX.

354 2148 477 2219 Brevia
488 2150 528 2219 fit
538 2148 757 2229 introductio,
769 2154 805 2216 et
815 2147 987 2215 indicetur
998 2147 1123 2215 divisio
1138 2148 1208 2216 dis·

399 2253 597 2321 certationis
620 2252 657 2319 in
685 2256 757 2319 tree
771 2258 890 2340 partes
898 2304 1201 2319 ...............

356 2355 475 2424 PARS
488 2355 934 2443 PRIMA-Appetitionis
964 2354 1207 2442 Guadalupen-

396 2459 447 2527 eia
461 2458 691 2527 narrationem
712 2458 901 2539 continens,
932 2482 1065 2526 necnon
1091 2476 1128 2525 et
1154 2482 1208 2526 ea·

400 2584 476 2630 crae
490 2560 658 2650 imaginis
672 2560 951 2649 descriptionem,
968 2566 1004 2629 et
1019 2566 1208 2649 peritorum

400 2664 445 2732 de
465 2664 528 2733 illa
551 2662 718 2751 judicium
727 2715 1205 2734 .......................
1319 2669 1339 2733 6

356 2763 518 2833 Narratio
532 2762 770 2851 Apparitionie
785 2764 822 2829 Β.
854 2764 899 2831 Μ.
931 2764 969 2831 V.
999 2764 1043 2832 de
1072 2766 1210 2834 Gunde-

399 2866 482 2957 lupe
496 2866 676 2934 Mexicano
705 2866 870 2934 idiomate
879 2922 1203 2937 ................
1319 2870 1340 2937 7

354 2972 477 3045 versio
498 2972 608 3041 latina
635 2972 875 3061 praecedentis
906 2976 1101 3042 mexicanos
1123 2974 1210 3041 Ner-

403 3078 550 3147 rationis
558 3129 1205 3147 ...............................
1299 3078 1341 3145 22

358 3182 411 3250 Ira
424 3174 585 3248 felicidad
599 3177 642 3244 de
658 3176 794 3245 deioo
809 3201 852 3244 en
866 3178 902 3245 la
917 3178 1106 3247 admirable
1122 3181 1212 3269 Apa-

402 3287 510 3355 ricion
523 3284 567 3352 de
582 3283 618 3351 la
631 3282 761 3371 Virgen
787 3284 898 3351 Maria
912 3285 1063 3353 Nuestra
1085 3286 1214 3353 Seriora

403 3387 675 3475 deGuadalnpe.
699 3386 1213 3455 SuautorLuisBecerraTan-

403 3516 453 3573 co,
479 3491 680 3560 Presbitero
688 3543 1205 3557 .........................
1300 3491 1342 3557 34

360 3595 545 3665 Maravilla
558 3594 752 3659 americana
765 3616 789 3681 y
801 3593 962 3679 conjunto
977 3593 1019 3661 de
1035 3615 1131 3661 rarae
1146 3616 1214 3661 ma·

403 3698 544 3768 ravillae
558 3696 768 3764 observadae
784 3716 848 3761 con
869 3694 905 3760 la
919 3694 1092 3762 direocion
1106 3694 1149 3761 de
1164 3694 1215 3761 las

267 3870 274 3881 ,
403 3806 518 3894 regiae
529 3803 585 3873 del
600 3809 674 3872 arte
686 3804 729 3871 de
743 3805 779 3870 la
788 3805 934 3872 Pintura
944 3806 1029 3872 enla
1041 3802 1215 3894 prodigio-

404 3932 445 3978 sa
472 3906 615 3995 Imtgen
642 3907 687 3975 de
701 3907 852 3975 Nueetra
866 3908 998 3976 Sefiora
1019 3908 1062 3975 de
1078 3908 1216 3977 Gonda-

403 4012 484 4102 lupe
498 4010 543 4078 de
557 4008 702 4089 Μόιίοο,
724 4033 789 4097 por
817 4010 951 4099 Mignel
980 4010 1145 4079 Cebrera.
1160 4067 1166 4079 .
1182 4065 1188 4078 .
1204 4069 1209 4079 .
1283 4014 1344 4120 248

364 4116 548 4185 Pareceree
563 4134 631 4200 que
645 4114 699 4180 loe
710 4112 905 4201 proieeoree
920 4114 963 4181 de
978 4116 1013 4181 la
1022 4113 1219 4182 nobilieima

406 4225 479 4289 arte
494 4220 588 4289 dela
603 4219 749 4287 Pintura
763 4216 806 4285 de
821 4218 857 4284 la
882 4219 1007 4287 cindad
1022 4220 1065 4288 de
1081 4218 1216 4289 Moneo

405 4324 747 4393 dieronenvistade
770 4326 1018 4395 eeteeecrito..
1306 4328 1348 4405 74

356 4426 480 4499 mas
495 4426 982 4517 saonam-argumenta
1003 4400 1220 4525 perpendam
