3625 5217
997 558 1064 629 254

536 729 670 822 Eodem
701 751 791 796 enno
820 730 914 799 1676.
938 728 1048 798 Rmus
1069 729 1112 797 D.
1128 730 1255 800 Petrus
1284 732 1387 821 Moye
1409 730 1452 799 ds
1468 732 1555 800 Con·

492 841 613 912 treme,
639 833 765 900 tertios
790 832 992 901 Merionnus
1014 834 1315 923 Archiepiscopos‚
1339 835 1476 924 regulas
1497 833 1553 902 de·

492 937 554 1016 dit,
580 935 767 1004 servandae
797 936 833 1001 in
860 935 1121 1025 Gondalopenei
1150 937 1304 1025 Templo,
1321 962 1384 1027 pro
1399 938 1555 1006 honestis

493 1044 529 1107 et
543 1039 709 1127 orphanis
739 1039 865 1127 puellis
876 1040 913 1105 in
925 1039 1071 1107 honesto
1101 1040 1320 1109 matrimonio
1336 1040 1553 1121 collocandis,

494 1142 636 1211 dotibus
660 1142 748 1229 ipsis
781 1146 952 1209 ooncessts
979 1165 1020 1209 ex
1050 1143 1224 1230 superfluo
1250 1144 1553 1232 eleemosynarnm,

494 1272 582 1337 qnos
597 1250 751 1317 fidelium
767 1249 881 1337 pietes
892 1248 1104 1337 largiebatur
1129 1249 1173 1315 ed
1189 1250 1319 1316 cultum
1336 1248 1374 1319 B.
1393 1249 1439 1316 M.
1454 1248 1494 1317 V.
1513 1250 1555 1318 de

495 1352 701 1441 Gondalupe
716 1352 754 1419 in
768 1354 844 1440 ejus
858 1352 1004 1439 Templo
1019 1350 1212 1419 fovendum.
1231 1353 1277 1436 (1)

538 1474 591 1541 Ex
602 1473 896 1561 eleemosynarnm
908 1474 1101 1560 quontitate
1114 1473 1215 1561 plone
1225 1472 1420 1541 ostenditur
1431 1482 1559 1562 quentn

496 1577 601 1644 fuerit
616 1577 752 1642 illorum
765 1581 958 1666 temporum
988 1576 1119 1644 Christi
1148 1575 1300 1645 fidelium
1317 1577 1489 1662 (indorum
1506 1579 1559 1646 vel

496 1681 653 1759 monime,
668 1680 728 1769 qni
744 1687 947 1769 paupertate
963 1680 1099 1748 notorie
1113 1680 1331 1759 laborabant)
1346 1704 1429 1767 ergo
1440 1682 1559 1750 Secre-

497 1786 665 1853 tissimem
681 1785 870 1871 Imaginsm
893 1784 1042 1851 devotio:
1057 1808 1146 1862 nam,
1162 1785 1214 1853 uti
1230 1786 1354 1853 asserit
1380 1786 1422 1852 D.
1439 1785 1559 1865 Uribe‚

500 1892 546 1973 (2,
562 1913 603 1956 ex
613 1888 821 1956 authenticis
830 1886 1068 1954 instrumentis
1078 1910 1144 1955 ese
1161 1886 1253 1967 visis,
1267 1894 1402 1956 constet
1417 1888 1512 1955 mille
1527 1894 1561 1955 et

498 1994 714 2081 octingentos
730 2014 886 2059 nummos
901 1994 1082 2079 argenteos
1100 1992 1197 2071 <1800
1213 1994 1328 2080 pesce)
1355 2012 1562 2080 unoquoque

498 2123 588 2169 anno
599 2102 635 2167 in
651 2100 775 2187 puell's
786 2097 949 2165 dotnndis
962 2099 1218 2185 tunctemporis
1232 2097 1391 2187 impendi.
1403 2096 1457 2163 En
1468 2094 1562 2182 quod

499 2210 689 2294 supererat,
716 2205 817 2272 tectis
839 2201 1006 2292 impensis
1022 2204 1058 2269 in
1084 2202 1176 2271 cultu
1208 2204 1380 2291 Deiparee
1412 2200 1456 2267 de
1471 2198 1563 2267 Gue-

501 2310 638 2398 delupe.

543 2435 642 2502 Anno
657 2436 742 2503 1578
755 2442 912 2505 mortuus
924 2442 977 2505 est
989 2438 1030 2505 D.
1043 2438 1244 2525 Alphonsns
1254 2436 1296 2503 de
1308 2432 1489 2512 Villeseoe,
1505 2429 1564 2517 qui

500 2544 541 2605 nt
565 2538 764 2607 benefactor
778 2540 1059 2628 Tepeyequensis
1074 2541 1208 2629 Templi
1220 2538 1483 2625 antiquissimus
1498 2556 1566 2600 me·

475 2711 479 2720 ,
501 2642 569 2709 rito
592 2642 792 2709 celebretur.
841 2644 1021 2711 Probabile
1037 2650 1090 2712 eet
1105 2646 1196 2712 hono
1211 2645 1255 2709 nb
1271 2640 1443 2729 Hisponis
1458 2638 1565 2705 Meri·

502 2770 580 2814 cum
596 2747 775 2814 advenisse
787 2770 908 2813 novem
926 2754 1006 2835 post
1029 2748 1290 2836 Apperitionem
1318 2766 1437 2811 annos:
1451 2744 1566 2829 singu·

502 2852 567 2919 leri
582 2852 764 2919 devotione
779 2851 818 2918 Β.
836 2852 882 2919 Μ.
900 2853 938 2919 V.
952 2852 994 2919 de
1010 2851 1215 2940 Gundolupe
1238 2856 1421 2917 veneratus
1436 2855 1501 2927 est,
1517 2850 1566 2913 et·

502 2978 570 3043 qne
584 2956 684 3035 dono,
697 2960 733 3021 et
747 2960 873 3035 virens,
887 2961 923 3023 et
937 2956 1006 3044 jem
1023 2958 1218 3035 moriturus,
1232 2955 1307 3041 ejus
1321 2953 1567 3042 Tepeynquen·

503 3060 535 3127 si
549 3060 696 3147 Templo
707 3060 863 3128 contulit.
884 3063 932 3144 (3)

546 3191 695 3277 Insuper
710 3190 753 3256 de
778 3191 984 3278 perantiquo
999 3190 1094 3279 cultu
1107 3191 1147 3258 Β.
1173 3190 1213 3257 V.
1227 3192 1276 3260 Μ.
1296 3190 1339 3257 de
1363 3189 1568 3279 Gundelupe

504 3294 882 3362 testimoninhebentur
893 3294 927 3359 in
943 3294 1242 3381 teetibnejuridiee
1253 3294 1570 3379 interrogatisenoo

505 3401 600 3479 1666,
612 3401 671 3487 qni
687 3401 819 3466 cultum
833 3400 948 3487 ipsum
964 3398 1156 3487 antiquitus
1177 3400 1245 3487 jem
1262 3398 1464 3467 existentem
1479 3400 1570 3487 jure·

505 3510 622 3573 mento
637 3503 855 3570 affirmavere.
879 3502 1015 3569 Horum
1027 3504 1302 3571 testimoniorum
1314 3503 1571 3571 summovidee·

548 3751 593 3828 (r)
610 3750 717 3826 Uribe,
733 3749 925 3811 Disertncion
951 3748 1218 3811 historico-critica
1246 3752 1336 3812 sobre
1351 3751 1379 3813 la
1395 3751 1572 3833 Aporidos,

507 3852 564 3927 58.

498 4010 507 4031 ι
549 3952 595 4027 (2)
639 3950 684 4010 Ib.

550 4051 595 4126 (3)
640 4049 809 4120 Florencia,
823 4048 954 4109 Estrella
969 4048 1018 4109 del
1031 4051 1130 4111 Norte
1145 4050 1183 4111 de
1195 4048 1324 4121 Mtxioo,
1340 4068 1405 4129 cap.
1420 4066 1469 4127 32.
1485 4054 1570 4124 mim,

511 4171 570 4230 340
585 4170 616 4213 et
631 4152 905 4230 seq.-Oquendo,
923 4151 1020 4212 Diser.
1038 4150 1105 4212 hist.
1119 4152 1209 4212 sobre
1218 4150 1247 4210 la
1260 4148 1436 4229 Aparicion,
1452 4160 1526 4210 tom.
1548 4168 1572 4214 ι,

510 4270 578 4332 cap.
594 4254 652 4329 6,§
673 4272 701 4326 4,
714 4252 791 4311 mim
817 4250 1039 4326 416.-Guridi
1055 4250 1191 4325 Alcoser,
1205 4248 1359 4333 Apologia
1370 4258 1438 4324 etc..
1453 4266 1518 4328 cap.
1541 4263 1572 4325 ις

511 4362 649 4416 tractam
660 4352 700 4415 de
713 4349 940 4415 tortormentis:
