3625 5217
978 487 1041 565 100

519 663 636 737 Silicis
651 690 762 735 annus
774 669 868 736 1542
885 668 979 735 Mor·
1075 673 1169 738 1548.
1194 672 1356 740 Mortuus
1371 678 1426 741 eat
1437 672 1542 741 Joan-

478 758 561 822 tuus
582 760 636 821 est
649 754 978 833 JoannesDidaous,
1031 778 1092 823 nes
1118 757 1273 827 Didaous
1301 760 1357 825 eui
1386 782 1407 825 α
1475 780 1543 823 rm

480 841 569 907 ouia
636 842 703 905 ruit
715 840 818 905 ohara
829 840 980 905 Domina
1031 842 1217 927 diqoatoest
1238 846 1284 929 (1)
1296 846 1400 911 chara
1458 843 1542 910 omi·

480 927 535 992 Gu
581 924 827 1013 alupeMexiei.
847 924 981 993 Groudo
1033 950 1077 993 na
1092 928 1296 1017 Guadalupe
1312 930 1446 997 Menioi.

479 1012 589 1079 ocidit
601 1034 697 1098 super
710 1020 843 1078 montem
865 1011 978 1077 altram.

523 1182 616 1250 Hine
625 1187 770 1271 apparet
781 1187 946 1269 utrosque
959 1184 1110 1251 Annales
1120 1186 1382 1273 Apparitionem
1406 1186 1542 1255 Gundu-

480 1287 658 1375 lnpensem
673 1286 729 1352 bis
743 1306 892 1363 narrare;
921 1285 1063 1353 sednon
1089 1290 1228 1355 omnino
1258 1289 1387 1357 eisdem
1399 1290 1452 1356 uti
1470 1311 1543 1355 ver·

481 1390 547 1469 bis,
559 1411 691 1457 necnon
707 1388 858 1475 aliquam
871 1387 1149 1457 circunstantium
1162 1392 1226 1459 hos
1241 1394 1391 1461 Annales
1406 1414 1542 1459 narrare

482 1515 551 1559 non
565 1492 654 1572 illos,
671 1494 723 1559 uti
737 1500 800 1570 est,
816 1494 870 1559 uti
883 1494 1003 1559 dieitur
1024 1495 1218 1583 Tepeyaeac;
1243 1504 1346 1584 atque
1364 1498 1467 1564 etiam
1482 1494 1542 1561 ali·

482 1594 577 1683 qnod
591 1595 686 1662 alind
708 1603 876 1675 eventum,
905 1597 959 1662 uti
974 1602 1036 1677 est,
1059 1598 1193 1665 Grande
1216 1601 1325 1665 occidit
1339 1622 1434 1687 super
1458 1622 1543 1665 mou·

482 1706 543 1764 tem
557 1697 671 1764 album.
717 1698 785 1765 His
800 1698 989 1787 perpensis,
1006 1704 1042 1766 et
1056 1698 1249 1769 rationibus
1265 1708 1343 1769 ante
1375 1702 1542 1781 adductis,

484 1810 587 1891 atque
603 1804 705 1872 etism
722 1810 867 1891 propter
878 1804 1052 1870 diversum
1065 1826 1169 1887 usum
1185 1804 1281 1871 verbi
1302 1804 1479 1883 mexioani,
1494 1802 1545 1869 ni·

484 1913 536 1981 hil
561 1912 789 1980 dubitandum
818 1911 955 1978 videtur
984 1911 1076 1998 quod
1101 1912 1261 1991 Annales,
1278 1912 1393 1998 quiin
1422 1908 1544 1977 Gathe-

484 2017 583 2096 druli,
594 2016 653 2082 alii
668 2014 808 2082 suntab
824 2015 905 2093 illie,
919 2015 980 2105 qui
995 2014 1031 2081 in
1046 2014 1289 2081 Universitate.

528 2121 565 2186 P.
581 2118 786 2186 Franciscus
814 2117 1039 2195 Floreneia,e
1066 2118 1237 2185 Societate
1267 2117 1362 2197 Jesu‚
1389 2114 1544 2183 notitiam

486 2222 588 2290 uiiert
610 2223 656 2308 (2)
680 2219 856 2309 cujusdam
873 2220 1099 2307 manuscripti
1121 2221 1158 2287 in
1173 2220 1283 2287 formu
1297 2220 1481 2299 annalium,
1510 2218 1546 2285 in

486 2350 556 2417 quo
585 2332 728 2393 eventus
756 2325 994 2405 narrabantur,
1026 2326 1070 2392 ab
1100 2328 1231 2415 origine
1258 2329 1456 2408 incolarum,
1486 2326 1545 2415 qui

488 2429 581 2519 apud
595 2452 658 2496 nos
672 2428 833 2494 dicuntur
854 2426 989 2495 Goltzius
1004 2436 1040 2495 et
1061 2430 1208 2507 Tottecos,
1226 2453 1334 2517 usque
1351 2430 1395 2499 ad
1421 2452 1545 2498 annum

488 2533 582 2612 1642,
612 2531 774 2618 quodque
790 2530 882 2618 apud
897 2553 934 2597 se
964 2532 1116 2599 habebat
1130 2532 1166 2601 P.
1199 2534 1335 2601 Jesuita
1364 2535 1546 2602 Balthazar

487 2632 666 2709 Gonzalez,
683 2630 744 2717 qui
759 2636 900 2718 propter
915 2630 1143 2697 eruditionem
1160 2632 1195 2698 in
1211 2634 1390 2699 Menioano
1414 2634 1547 2703 Sermo·

488 2760 541 2815 ne,
556 2734 757 2801 Menieanus
771 2732 892 2798 Cicero
907 2732 1030 2799 merito
1046 2732 1160 2799 dietus
1176 2734 1249 2801 init.
1284 2736 1326 2801 Iu
1337 2736 1402 2801 hoe
1414 2758 1546 2803 manus·

489 2840 600 2928 oripto
610 2836 792 2927 Apparitio
808 2835 1086 2923 Guadalupensis
1098 2836 1250 2925 Virginis
1268 2846 1426 2906 narratur
1441 2862 1482 2905 eo
1491 2860 1547 2905 an·

488 2968 534 3011 no
549 2967 618 3031 quo
633 2965 752 3009 revera
766 2943 899 3009 accidit.

532 3046 701 3133 Oquendo
711 3046 833 3132 judice,
850 3048 897 3129 (3)
911 3046 947 3113 hi
960 3046 1110 3113 Annales
1121 3047 1172 3112 illi
1185 3045 1253 3135 ipsi
1263 3052 1344 3113 sunt
1355 3042 1492 3113 dicendi
1506 3044 1547 3113 de

489 3151 618 3241 quibus
631 3148 849 3229 Bartolache,
865 3171 929 3215 neo
944 3149 1061 3215 obstat
1075 3148 1199 3233 iuquit,
1216 3148 1296 3213 illos
1311 3168 1421 3233 usque
1437 3146 1480 3213 ad
1492 3166 1548 3212 an·

489 3277 571 3323 nuni
587 3254 671 3321 1642
686 3258 829 3320 eventus
855 3274 1024 3331 enarrare,
1040 3274 1108 3317 non
1124 3252 1174 3317 ita
1188 3250 1240 3317 iili
1256 3248 1444 3336 dequibus
1467 3250 1548 3315 Bar·

490 3357 636 3436 tolaohe,
662 3356 814 3443 eoquod
828 3356 873 3421 ab
902 3355 981 3421 aliis
1011 3358 1198 3441 potueruut
1228 3352 1429 3421 continuari
1474 3350 1550 3419 Hoo

490 3462 630 3551 quidem
652 3460 703 3527 ita
715 3458 791 3525 fieri
806 3458 931 3547 potuit:
961 3456 1003 3523 de
1020 3462 1134 3523 cetero
1164 3462 1278 3523 autem
1293 3456 1427 3522 nullum
1457 3452 1550 3523 aliud

490 3564 631 3634 exhibet
645 3562 843 3651 praedictus
858 3565 978 3629 auctor
993 3582 1075 3627 suae
1091 3560 1263 3649 opinionis
1293 3558 1550 3627 fundamentum

533 3739 578 3814 (ι)
602 3739 648 3798 Ita
663 3734 786 3797 vertitur
798 3754 836 3796 eo
850 3735 933 3813 quod
944 3732 973 3793 iu
986 3730 1032 3795 his
1045 3734 1214 3795 Annalibus
1226 3732 1415 3795 Cathedralis
1426 3733 1549 3793 verbum

493 3836 684 3897 mexicanum
699 3832 826 3894 habetur
839 3834 959 3893 causale
983 3832 1196 3911 applicativum
1223 3832 1427 3905 reverentiale3
1452 3831 1481 3891 in
1497 3828 1551 3890 illis

492 3948 592 3997 autem
610 3926 818 3996 Universitatis
833 3934 957 3995 verbum
973 3932 1160 3993 mexicanum
1176 3944 1220 3993 est
1231 3932 1443 3993 tantummodo
1454 3946 1550 3990 causa·

493 4037 522 4097 le
534 4034 758 4113 applicarivum.

534 4132 577 4211 (2)
602 4134 645 4192 Ia
662 4132 787 4193 Estrella
803 4130 851 4192 det
868 4130 963 4191 Norte
977 4128 1017 4190 de
1034 4127 1163 4201 Mision,
1178 4146 1242 4207 cop.
1264 4130 1308 4197 16.
1325 4128 1406 4189 ntur.
1426 4146 1492 4187 τοο.

535 4231 579 4310 (3)
624 4228 812 4292 Disertaciou
841 4228 981 4289 historica
1005 4228 1093 4289 sobre
1107 4228 1135 4289 la
1161 4225 1333 4306 Apariciou,
1362 4236 1420 4299 ete,
1449 4236 1549 4299 tonui

493 4329 801 4413 cap.VI,§5,ui1u.
818 4347 875 4404 421
892 4338 999 4407 etseq.
