3625 5217
793 688 859 759 145

294 856 417 927 simum
432 865 582 947 putetur,
597 860 691 949 epod
706 884 769 929 nos
794 884 836 928 ex
849 867 961 929 terres
985 860 1162 931 fereoitete
1177 862 1354 933 abundem

294 964 348 1025 ter
356 966 393 1028 et
401 961 561 1031 feuillime
573 964 757 1033 obtinetur:
767 966 857 1035 unde
868 967 1063 1035 mexioenee
1075 966 1217 1037 divitiae
1229 970 1358 1041 avidis·

294 1069 380 1138 sime
394 1072 440 1139 ab
454 1073 671 1143 heterodoxis
685 1076 934 1157 desiderentur,
949 1084 985 1145 et
999 1078 1067 1145 nisi
1079 1080 1228 1166 epfoieli
1236 1078 1357 1149 Domi·

292 1173 332 1240 ni.
341 1196 425 1241 oure
438 1177 622 1247 fuissemus
635 1179 792 1269 preteeti,
807 1182 875 1265 jem
898 1180 1029 1249 dudum
1044 1180 1170 1249 Menioi
1186 1182 1276 1253 inan
1300 1186 1354 1273 ip·

292 1300 368 1346 sum
384 1281 574 1361 recidisset,
590 1283 684 1370 quod
697 1282 886 1351 miserrime
901 1284 1027 1353 ueoidit
1041 1285 1078 1351 in
1092 1282 1353 1375 septemtrione·

292 1380 318 1449 11
331 1383 535 1453 Americans
547 1384 749 1475 Republica,
775 1386 870 1473 quod
891 1370 1181 1475 he‘terodotorum
1211 1376 1355 1460 inunde-

292 1489 342 1556 tio
356 1490 507 1557 omnium
531 1515 684 1560 errorum
710 1493 827 1561 eedem
842 1492 891 1559 ibi
921 1494 1047 1581 posuit.
1090 1484 1220 1565 Verum
1235 1494 1354 1567 Domi-

292 1613 357 1661 nns
385 1593 540 1663 defendit
567 1618 638 1663 nos
684 1597 771 1681 Quis
797 1601 911 1663 summ
941 1596 1009 1663 nisi
1038 1596 1144 1683 Virgo
1169 1598 1355 1669 seuerissi-
1383 1670 1387 1677 ,

292 1718 348 1763 me
362 1696 428 1764 hoo
441 1698 590 1785 speeinle
604 1700 832 1786 patrocinium
847 1698 948 1765 nobis
968 1698 1145 1786 impetrat?
1188 1702 1236 1771 Et
1250 1704 1355 1775 etiem

292 1822 333 1868 er
346 1805 457 1890 gretie
470 1803 611 1870 coelesti
626 1809 794 1891 perpetue
822 1807 878 1868 est
890 1801 927 1866 in
942 1802 1043 1889 nobis
1071 1802 1210 1871 devotio
1239 1808 1355 1893 singu·

291 1902 374 1970 luris
387 1927 471 1992 erge
483 1902 522 1971 B.
538 1905 586 1971 Μ.
603 1904 643 1971 V.
659 1906 758 1992 enjus
771 1905 860 1971 feste
875 1903 976 1970 nobis
991 1909 1073 1969 sunt
1094 1906 1352 1977 amabilissime:
1459 1918 1460 1922 ’

291 2028 353 2073 neo
366 2028 518 2094 unquum
532 2006 628 2074 illius
641 2007 797 2075 ouritetis
810 2006 913 2073 obliti
925 2028 1054 2085 sumus,
1066 2028 1168 2093 quam
1183 2009 1223 2077 B.
1242 2010 1279 2077 V.
1294 2034 1355 2079 no-

290 2110 346 2177 bis
356 2110 509 2178 ostendit
519 2132 595 2178 oum
604 2110 802 2199 Tepeyoono
816 2108 989 2197 apperuit,
1002 2116 1039 2176 et
1049 2130 1147 2177 suem
1160 2112 1353 2183 mirabilem

288 2212 477 2301 Imaginem
492 2215 529 2281 in
543 2214 688 2281 eximiae
702 2212 898 2283 dileetionis
916 2212 1053 2301 signum
1068 2214 1168 2281 nobis
1199 2214 1348 2302 reliquit

289 2316 416 2383 Merito
430 2321 499 2384 tem
515 2316 692 2406 praeclare
718 2316 882 2383 beneficis
904 2317 1077 2407 Deiperee
1108 2318 1352 2387 intercessione

291 2420 463 2490 eredimus
477 2430 625 2512 eoeepte

332 2566 401 2634 Sed
431 2568 475 2635 sd
503 2570 693 2637 recentiore
722 2568 906 2637 veniemus.
952 2567 1081 2635 Notum
1111 2565 1271 2643 omnibus
1300 2570 1353 2633 est

289 2668 420 2737 christi
433 2671 574 2738 Domini
588 2672 779 2739 Eoolesiem
794 2672 929 2758 aliquot
954 2670 999 2737 eb
1013 2670 1095 2735 hine
1110 2669 1208 2743 annis
1237 2690 1353 2757 perse·

289 2774 460 2842 ontionem
474 2778 548 2864 pati
563 2776 599 2843 in
613 2778 792 2845 Merioene
802 2776 1004 2867 Republioe
1051 2776 1179 2848 Verum
1188 2796 1279 2845 eune:
1291 2776 1353 2843 bo·

289 2878 343 2945 nis
358 2878 508 2967 spolient
537 2878 603 2946 fuit
627 2880 793 2960 Euoleeie;
822 2880 884 2947 sed
906 2879 1044 2946 divinus
1060 2879 1174 2945 uultus
1204 2877 1355 2966 splendi-

289 2981 355 3048 dus
370 3004 506 3068 semper
520 2986 583 3049 est:
598 2982 729 3071 temple
756 3006 826 3049 non
840 3004 950 3071 peuce
965 2982 1141 3049 destructe
1170 2980 1276 3060 iuere;
1290 2979 1353 3047 sed

288 3084 358 3151 slis
372 3085 481 3151 multe
497 3090 692 3156 oonstruote
705 3090 796 3166 sunt,
811 3090 847 3155 et
862 3090 1117 3154 construuntur:
1138 3083 1353 3162 Sacerdotes,

286 3194 325 3255 et
337 3187 533 3255 sseonlsres
547 3193 583 3255 et
597 3190 781 3276 regulares,
797 3194 926 3256 vestem
939 3188 1114 3277 propriam
1126 3192 1265 3274 portare
1275 3206 1355 3273 pro·

289 3291 395 3359 bibiti
408 3296 501 3370 snnt;
516 3291 579 3357 sed
592 3292 714 3379 populi
728 3315 810 3379 erge
823 3292 905 3359 illos
920 3290 1113 3359 reverentie
1127 3292 1163 3359 in
1179 3290 1275 3357 nullo
1291 3289 1353 3354 mi-

288 3394 418 3461 nuitur:
432 3415 549 3459 seorne
563 3394 713 3481 virgines
727 3395 856 3480 ejectae
882 3398 965 3461 sunt
978 3414 1020 3459 ex
1049 3393 1278 3471 monasteriis
1291 3390 1353 3459 sed

289 3502 456 3569 uirtutum
469 3501 627 3588 exempla
640 3502 677 3568 in
690 3501 778 3589 ipsis
793 3502 909 3570 videre
925 3503 1015 3571 lieet:
1040 3504 1206 3593 Episcopi
1237 3503 1354 3571 exules

290 3600 438 3689 petr-iam
452 3600 645 3687 relinquere
661 3603 770 3671 ooeeti
781 3602 888 3684 iuere;
898 3604 960 3671 sed
975 3603 1205 3693 multipliento
1216 3604 1353 3671 illorum

285 3736 433 3781 numero
458 3712 644 3791 redierunt
659 3718 762 3800 etque
788 3715 893 3781 etism
907 3714 1099 3783 Seminarie
1125 3713 1354 3802 multiplicate

286 3830 381 3897 sunt:
397 3823 527 3890 uultum
542 3822 694 3889 divinum
708 3829 805 3891 extre
819 3825 949 3912 temple
963 3847 1118 3893 exemere
1140 3824 1353 3912 prohibitum

286 3930 354 4005 ¹est;
369 3929 406 3990 ut
419 3923 570 4010 populns
595 3924 646 3989 ite
659 3946 775 3990 sscrss
799 3924 1049 4011 prooeeeiones,
1063 3930 1099 3991 et
1128 3924 1197 3989 olio
1225 3922 1270 3989 ed
1285 3922 1355 3988 cul·-

291 4034 364 4094 tum
379 4024 597 4113 pertinentis,
612 4030 708 4093 extre
737 4026 904 4114 templum
918 4026 994 4093 fieri
1009 4025 1192 4105 desideret,
1223 4031 1262 4093 ut
1277 4046 1355 4091 eon·

290 4127 404 4195 fessus
418 4126 466 4193 sit
488 4126 563 4213 ipse
592 4128 652 4195 ille
678 4127 740 4214 qui
767 4128 805 4194 in
829 4128 999 4216 Supremo
1029 4126 1252 4195 Gubernendi
1282 4126 1353 4193 Mi-

291 4228 435 4296 nisterio
449 4252 471 4295 n
499 4230 648 4297 seeretis
663 4237 716 4297 est
733 4229 778 4315 (el
792 4231 985 4321 secretario
1015 4230 1072 4297 del
1097 4224 1294 4301 Ministerio
1308 4230 1352 4295 de

282 4332 537 4418 Goberneoiou)
568 4333 735 4421 populum
763 4334 825 4401 ille
839 4356 1011 4423 respuere,
1027 4354 1116 4420 quse
1145 4332 1181 4399 in
1209 4331 1346 4418 legibus
1423 4386 1427 4397 .

279 4448 413 4557 pultum
430 4448 529 4530 illum
553 4446 817 4544 prohibentibus
831 4443 964 4531 eenoits
988 4445 1094 4531 iuere3
1108 4448 1143 4513 et
1158 4464 1227 4529 quo
1243 4438 1344 4510 modo
