3625 5217
498 590 606 660 tcrioa
621 593 711 662 facta
726 596 943 677 stabilienda,
960 622 1049 686 quae
1065 600 1108 667 ud
1121 602 1285 690 pietatem
1300 601 1485 691 pertinent:
1513 590 1560 671 ait

498 694 535 761 P.
549 695 738 762 Florencia:
756 696 880 763 “Estos
897 700 1041 786 (mapae)
1059 723 1140 767 eran
1152 708 1248 768 entre
1262 702 1315 768 los
1330 703 1505 770 naturales
1519 702 1560 771 de

499 804 595 868 tanta
611 798 803 878 autoridad,
821 822 919 867 como
934 802 987 867 los
1003 826 1166 891 procesos
1178 806 1433 893 autorizadosy
1450 806 1561 895 signa-

498 902 562 970 dos
577 904 619 969 de
635 909 793 969 nuestros
809 906 1021 972 escribanos.
1035 958 1097 973 ...
1119 909 1220 975 hasta
1235 910 1268 974 el
1280 908 1338 975 dia
1353 909 1396 975 de
1412 910 1481 998 hay
1498 911 1560 976 tie·

498 1030 564 1075 nen
579 1006 704 1073 macho
720 1008 919 1075 valimiento
949 1033 992 1075 en
1018 1012 1071 1077 los
1085 1010 1250 1099 juzgados
1259 1066 1392 1078 .......
1416 1036 1461 1079 no
1486 1013 1560 1079 eoio

497 1114 630 1179 cuando
645 1112 765 1200 litigan
780 1114 848 1198 (loe
864 1112 990 1196 indias)
1006 1120 1102 1181 entre
1118 1116 1158 1193 si,
1175 1116 1252 1181 sino
1280 1117 1413 1183 cuando
1428 1124 1559 1185 contes-

498 1224 557 1285 tan
573 1240 636 1282 con
652 1217 704 1283 los
719 1216 929 1303 espairoles:''
945 1223 981 1282 et
996 1218 1053 1283 ait:
1072 1218 1173 1305 “Hoy
1189 1242 1225 1284 sc
1243 1220 1320 1302 (les)
1347 1220 1435 1285 debe
1450 1220 1513 1286 dar
1527 1222 1559 1286 cl

499 1323 619 1388 mismo
636 1320 765 1387 artdito
783 1320 831 1405 (id
857 1324 920 1399 est,
938 1320 1138 1387 cometiae
1153 1344 1316 1409 procesoe
1341 1323 1558 1389 autorizados

496 1429 697 1519 ysignados
726 1428 768 1493 de
785 1427 976 1505 ascribano)
993 1448 1036 1491 en
1065 1426 1100 1491 lo
1115 1448 1182 1512 que
1213 1426 1327 1512 queda
1340 1449 1383 1492 en
1399 1427 1433 1492 la
1448 1425 1558 1496 astera

496 1533 539 1600 de
555 1534 589 1599 la
604 1530 779 1598 historia.”
798 1532 828 1615 (1
832 1542 843 1613 )

539 1638 596 1704 Ita
610 1658 630 1701 a
645 1632 865 1723 peritissimis
876 1632 960 1698 viris
975 1632 1143 1697 veracitas
1158 1632 1410 1698 mexicanorum
1426 1632 1463 1699 in
1477 1633 1557 1699 scri·

496 1746 609 1813 banda
624 1742 769 1809 historia
781 1740 917 1827 cognita
928 1746 990 1816 est
1003 1746 1042 1805 ut
1056 1762 1124 1805 nou
1140 1740 1242 1806 modo
1253 1740 1398 1805 maxime
1410 1739 1558 1806 habeant

496 1848 639 1936 antiqua
653 1845 818 1912 historica
829 1843 966 1909 illorum
978 1842 1190 1923 documenta,
1206 1866 1322 1909 verum
1338 1842 1452 1921 etiam,
1465 1841 1556 1928 qnod

497 1953 541 2021 ad
557 1974 627 2019 rem
644 1949 775 2026 attinet,
792 1947 1001 2013 Laurentiue
1023 1946 1194 2026 Botnrini,
1221 1946 1466 2033 antiquitatum
1481 1969 1557 2011 nos·

497 2062 626 2123 tranum
657 2051 897 2141 peritissimae,
915 2072 991 2115 cam
1008 2049 1200 2115 Historiam
1231 2050 1269 2115 Β.
1288 2049 1333 2115 Μ.
1351 2048 1390 2113 V.
1407 2048 1450 2115 de
1466 2048 1556 2115 Gna·

496 2160 621 2245 dalupe
638 2156 787 2223 scribere
817 2146 1013 2241 incepisset,
1030 2155 1179 2241 primum
1194 2154 1269 2241 ejus
1296 2153 1555 2221 fundamentum

496 2260 697 2348 desumpsit,
711 2265 749 2325 ut
761 2258 835 2345 ipse
849 2257 981 2334 asserit,
996 2258 1067 2321 “Aa
1081 2258 1249 2341 Eleqaatia
1261 2266 1289 2322 et
1303 2257 1383 2323 Fide.
1396 2258 1559 2323 Historiae

498 2364 655 2431 Iadicae:”
674 2384 761 2449 quac
779 2360 925 2426 historia
939 2360 975 2425 in
991 2366 1140 2446 quatuor
1154 2360 1344 2439 constabat,
1360 2360 1502 2439 scilicet,
1523 2358 1558 2425 in

498 2466 649 2545 canticis,
666 2466 701 2531 in
723 2462 994 2551 hieroglyphiris
1010 2469 1045 2529 et
1058 2462 1187 2549 figuris,
1204 2470 1265 2529 etc.
1285 2467 1375 2536 (ecce
1391 2469 1556 2550 mappas)

495 2572 531 2637 in
546 2568 799 2655 manuscriptis,
816 2572 851 2633 et
866 2566 900 2631 in
917 2565 1066 2632 funibus.
1086 2568 1132 2648 (2)

537 2834 590 2901 De
606 2828 812 2918 quibusdam
829 2825 982 2911 antiquis
997 2825 1142 2911 picturis
1159 2824 1261 2890 modo
1284 2823 1465 2891 dicendum
1481 2823 1554 2889 crit

492 2936 625 3007 Asserit
637 2956 717 3021 ergo
730 2930 890 2997 Boturini
903 2932 950 3013 (3)
961 2928 1053 3015 apud
1065 2950 1102 2993 se
1112 2926 1275 2993 habuisse
1288 2926 1472 3013 quamdam
1484 2926 1556 3013 pic·

494 3050 616 3119 turam,
629 3018 716 3126 quae
734 3036 753 3100 J
757 3056 900 3101 oannem
914 3031 1083 3098 Dictaeum
1097 3029 1380 3117 repraesentabat
1389 3028 1487 3095 flexis
1501 3052 1557 3115 ge·

495 3146 607 3223 nibus,
624 3148 658 3208 ct
672 3160 792 3206 versus
803 3134 1011 3222 Tepeyacati
1038 3134 1208 3221 aspiciens
1233 3132 1306 3217 (abi
1330 3132 1382 3197 illi
1397 3132 1438 3197 B.
1454 3131 1499 3197 M.
1515 3130 1555 3212 V,

495 3244 678 3333 apparuitt,
692 3246 795 3325 atque
823 3236 866 3301 ad
878 3236 970 3301 latus
982 3234 1113 3301 habeus
1125 3240 1266 3321 puteum
1284 3236 1295 3315 i
1297 3232 1341 3297 ad
1367 3254 1469 3319 quem
1484 3240 1558 3299 tan·

493 3346 570 3413 dem
584 3344 639 3411 die
657 3344 696 3408 12
712 3337 914 3407 Decembris
930 3338 1006 3425 ipsa
1022 3338 1179 3424 piissima
1189 3338 1296 3425 Virgo
1310 3339 1363 3404 illi
1387 3362 1425 3405 se
1440 3338 1557 3405 riden-

494 3448 572 3515 dam
584 3444 724 3525 obtnlit)
753 3442 853 3509 Hanc
874 3440 1042 3529 picturam
1055 3440 1092 3505 in
1107 3440 1303 3506 Tlaxcallan
1316 3440 1446 3507 invenit
1460 3463 1558 3529 prae·

493 3548 786 3619 dictusBoturini:
802 3547 964 3613 Fortasse
981 3546 1066 3612 haec
1092 3546 1227 3633 pictura
1250 3547 1384 3628 illaest,
1406 3550 1557 3635 qnamin

494 3644 725 3722 Tlaxcallane
756 3650 1018 3737 Tepeyaqueuei
1044 3650 1188 3737 Templo
1217 3649 1316 3719 duxit
1338 3652 1478 3739 quidam
1494 3652 1554 3721 Sa·

493 3757 621 3835 cardos,
635 3754 732 3841 juxta
747 3754 787 3819 D.
820 3754 1031 3839 Cayetauum
1054 3754 1213 3819 Cabrera
1233 3756 1279 3825 (4)
1304 3756 1417 3841 Atque
1443 3761 1483 3822 ut
1497 3777 1556 3821 no·

535 3930 579 4007 (1)
624 3926 926 3996 Florencia,loc.cit.

534 4016 578 4087 (2)
622 4010 769 4087 Cataiogo
785 4010 832 4069 dei
852 4012 960 4067 Museo
977 4007 1115 4076 Iadiano,
1134 4010 1149 4077 ,ξ
1164 4012 1212 4085 36,
1228 4012 1311 4069 num.
1333 4030 1378 4083 ¹4·

533 4094 589 4170 (3)
629 4092 773 4168 catalogo
789 4090 836 4150 dei
856 4092 964 4150 Museo
979 4090 1112 4158 iadiano,
1127 4094 1143 4165 5
1157 4094 1204 4167 36.
1220 4092 1303 4151 mim.
1323 4094 1362 4152 ΙΙ.

533 4176 579 4253 (4)
622 4175 745 4235 Escudo
770 4173 809 4234 de
826 4172 935 4233 Armas
949 4172 987 4233 de
1018 4170 1147 4246 Marica,
1177 4174 1229 4235 lib.
1246 4191 1275 4251 3.
1292 4182 1357 4241 cal).
1386 4175 1456 4246 XV,
1471 4174 1550 4235 ntra.

495 4257 564 4319 680.
