3625 5217
477 878 547 949 eibi
561 879 655 961 licet,
669 878 865 972 mexicenus
879 883 1030 971 populus
1053 904 1116 973 per
1141 882 1319 951 civitatum
1334 886 1370 951 et
1398 882 1542 971 oppido·

477 990 746 1080 rempublicam
761 997 919 1061 ornatum
935 993 971 1060 iu
986 995 1093 1061 sacris
1108 992 1216 1073 lestis,
1231 1012 1320 1078 quae
1342 988 1541 1058 solemniori

476 1094 581 1164 ruodo
594 1094 813 1163 celebrantur
825 1095 863 1162 in
872 1097 1023 1185 templis,
1039 1098 1142 1165 etiam
1158 1100 1254 1165 extre
1268 1094 1397 1182 templa
1412 1092 1542 1159 cultum

476 1198 692 1267 othonorum
706 1198 858 1266 Domino
871 1199 1023 1267 exbibet:
1037 1202 1278 1287 protestantes,
1294 1202 1329 1265 et
1343 1194 1542 1265 divitiarum

477 1322 603 1382 amoro,
617 1306 654 1369 et
667 1302 868 1372 tolerantiae
883 1304 958 1402 lege
973 1302 1205 1382 attrahuntur;
1219 1308 1255 1369 et
1265 1302 1347 1371 licat
1357 1304 1474 1369 extero
1484 1320 1543 1385 pe·

478 1413 580 1481 cunia
592 1413 785 1482 haereticos
800 1416 994 1483 mexioenos
1009 1416 1102 1483 omni
1118 1412 1239 1483 a'rdore
1249 1413 1361 1481 lacere
1374 1411 1543 1487 laborent.

479 1516 664 1605 pauculum
678 1516 835 1587 laborum
851 1521 1010 1588 obtinent
1023 1520 1181 1589 fructum.
1226 1518 1296 1587 Sed
1310 1516 1396 1605 qnid
1425 1513 1543 1605 plura?

478 1618 883 1710 liexioaue·Respublica
911 1644 1026 1691 veram
1042 1624 1257 1711 Religionem
1282 1620 1477 1687 firmissime
1492 1640 1545 1685 re·

479 1724 577 1805 tinet,
593 1725 697 1812 etque
712 1726 861 1806 deamet3
874 1750 939 1795 neo
967 1727 1049 1795 ullis
1070 1728 1206 1795 artibus
1231 1725 1329 1792 illum
1359 1742 1509 1791 amorem
1524 1743 1546 1787 e

479 1826 731 1896 mexicanorum
762 1829 925 1903 cordibus
953 1830 1099 1897 evellere
1129 1828 1295 1918 possibile
1324 1832 1386 1895 est
1443 1823 1547 1893 Unde

480 1932 564 1999 haec
578 1935 693 2003 omnia
708 1936 776 2003 nisi
789 1958 832 2003 ex
845 1935 990 2023 speciali
1001 1935 1212 2023 protectione
1224 1930 1467 2001 Sanctissimee
1478 1926 1547 1995 Dei

480 2036 675 2118 Genitricis,
691 2039 790 2124 oujna
803 2038 943 2105 deuotio
958 2038 1132 2106 mentibus
1155 2035 1283 2103 nostris
1297 2032 1403 2100 insite
1431 2036 1494 2111 est,
1510 2036 1548 2097 at

481 2136 692 2223 oriesiesis,
708 2145 812 2227 etque
827 2140 918 2207 inter
932 2162 983 2221 ee,
998 2140 1124 2209 testum
1139 2139 1179 2206 B.
1195 2138 1242 2205 nl
1259 2138 1297 2205 V.
1313 2137 1356 2205 de
1371 2134 1551 2205 Guedelu·

481 2261 535 2327 pe,
551 2238 801 2313 solemnissime
817 2243 1050 2313 celebrantur?

589 2496 926 2569 ARGUMENTUM
941 2504 1168 2572 DECIMUM
1198 2503 1438 2589 QUARTUM.

562 2758 793 2848 Apporttioma
807 2764 928 2829 veritae
941 2764 1163 2849 comprobetur
1175 2784 1214 2829 en
1222 2784 1329 2849 parvo
1343 2782 1472 2827 tremene

882 2868 1150 2953 improbatorum.

524 3116 613 3183 (lum
629 3119 679 3186 ite
694 3122 863 3208 plurimae
879 3144 989 3209 usque
1005 3123 1107 3189 modo
1128 3123 1266 3189 habitae
1282 3122 1352 3191 sint
1367 3124 1558 3191 conciones

484 3220 528 3286 de
543 3220 582 3288 Β.
599 3220 646 3287 el
662 3222 703 3289 V⁴
719 3224 762 3290 de
777 3225 993 3314 Guedalnpe‚
1009 3232 1048 3293 ut
1060 3248 1122 3292 nec
1137 3226 1309 3292 numerari
1320 3224 1464 3313 possint,
1480 3226 1558 3293 duo.

485 3325 723 3391 tantummodo
737 3334 920 3395 narrentur
935 3329 1200 3409 concionatores,
1224 3324 1284 3417 qui
1299 3334 1429 3395 erecto
1445 3326 1551 3397 tredi-

485 3426 591 3494 tionie
606 3431 742 3495 tramite
757 3430 967 3512 deflexerint,
998 3436 1033 3500 et
1049 3432 1187 3521 quidem
1210 3435 1306 3522 gravi
1334 3435 1499 3503 scandalo
1514 3436 1551 3502 fl·

484 3532 624 3599 delium.
669 3532 807 3603 Primus
821 3536 888 3604 fult
901 3536 939 3603 P.
956 3538 1012 3604 Fr.
1025 3538 1229 3607 Franciscus
1244 3540 1479 3620 Bustamante,
1490 3540 1551 3627 qui

486 3667 563 3712 cum
578 3645 706 3714 Marici
720 3650 978 3715 concionaretur
993 3646 1049 3714 die
1078 3649 1099 3714 8
1114 3647 1328 3736 Septembris
1344 3648 1425 3715 anni
1454 3649 1552 3729 1556,

486 3752 614 3833 dixisse
630 3758 790 3821 narretur
816 3754 1004 3842 Imaginem
1030 3754 1069 3821 B.
1097 3754 1143 3820 M.
1165 3754 1204 3821 V.
1219 3753 1261 3821 de
1286 3753 1491 3845 Guedalupe
1506 3754 1551 3821 ab

487 3856 569 3926 indo
584 3858 734 3945 quodem
749 3858 877 3946 pictam
891 3858 1008 3925 luisse.
1039 3858 1093 3923 De
1108 3857 1211 3925 dictis
1226 3880 1247 3925 a
1261 3858 1486 3925 Buetemante
1502 3859 1552 3925 in·

487 3962 630 4051 quisivit
643 3963 787 4050 juridice
801 3963 912 4031 Rmus
924 3961 1109 4041 Montuier,
1123 3962 1293 4030 secundus
1313 3962 1552 4051 Archiepisco·

487 4090 554 4179 pus
568 4066 776 4153 meginarius.
797 4070 843 4150 (1)
860 4066 1040 4137 Secundus
1056 4066 1276 4136 concionator
1286 4065 1348 4153 qui
1362 4088 1384 4131 e
1395 4066 1553 4135 traditio

489 4194 531 4242 ne
542 4172 780 4262 Appetitionis
791 4174 943 4253 recessit,
955 4172 1022 4240 luit
1033 4174 1164 4241 Ductor
1174 4172 1229 4239 Fr.
1243 4170 1439 4239 Servandus
1453 4170 1552 4250 Hier,

491 4332 619 4347 -

490 4358 536 4367 -..0

522 4404 573 4487 (r)
613 4403 651 4465 V.
667 4402 764 4485 Opus,
778 4402 829 4465 cui
842 4402 958 4475 titulus,
972 4404 1065 4464 Senta
1076 4403 1175 4463 Marta
1188 4404 1230 4464 de
1239 4400 1424 4483 Guadalupe
1440 4402 1542 4489 Petro·

485 4499 638 4578 sidetes
652 4500 1037 4580 Metioeuoaxvlmbnt,
1059 4518 1118 4587 477
1134 4512 1164 4571 et
1180 4498 1391 4585 sequentibus.

1757 4878 1758 4955 l
