3625 5217
768 563 839 697 Ι229

272 798 376 881 atque
391 796 574 865 maximam
590 822 672 888 erga
689 800 794 881 iliam,
811 808 847 869 et
861 802 988 870 Marici
1009 802 1116 885 urbis,
1132 806 1168 871 et
1182 802 1341 871 indorum

271 896 487 966 devotionem
503 905 676 979 narrabat,
697 912 957 993 propterquam
975 910 1076 973 etiam
1103 913 1244 995 peccata
1269 930 1340 973 ces-

272 1009 439 1079 saverunt,
457 1026 545 1089 quae
561 1005 660 1073 festis
674 1008 798 1075 diebus
814 1011 1123 1077 committebantur.
1142 1012 1188 1093 (1)

314 1104 413 1170 Anno
428 1107 512 1173 1555
530 1109 583 1173 rel
599 1111 805 1177 lesa-Per
818 1112 902 1177 illud
917 1120 1061 1201 tempus,
1078 1114 1173 1200 juxta
1188 1114 1257 1180 Pro
1272 1115 1338 1185 Re·

271 1233 346 1294 gem
362 1212 550 1279 Martinum
563 1216 772 1303 chriquez,
790 1220 836 1299 (2)
855 1242 931 1283 cum
948 1218 1088 1305 qnidam
1116 1220 1270 1288 infirmus
1285 1244 1336 1289 sa·

272 1317 413 1384 nitatem
443 1328 691 1408 recuperasset,
709 1323 748 1387 B.
771 1324 811 1387 u.
830 1322 868 1387 V.
887 1321 1105 1409 deprecando
1127 1324 1162 1389 in
1188 1322 1338 1411 Tepeya·

272 1424 394 1508 quensi
411 1424 556 1511 Templo
584 1449 697 1491 corum
715 1426 790 1512 ejus
815 1427 970 1513 Imagiue
986 1426 1028 1491 de
1056 1426 1271 1515 Guadalupe,
1295 1431 1334 1493 fl-

272 1528 401 1595 delium
414 1552 495 1616 erga
509 1532 601 1598 illam
619 1532 757 1597 devotio
774 1537 875 1596 aucta
890 1531 963 1595 fuit.

314 1633 413 1698 Anno
431 1636 656 1702 reas-cum
668 1634 738 1701 indi
753 1635 988 1701 Tectihuacan
1001 1633 1179 1719 fugissent,
1191 1658 1232 1703 eo
1244 1636 1336 1723 quod

273 1733 424 1803 infensos
439 1739 507 1804 sibi
523 1718 745 1805 reddiderant
761 1744 796 1803 ct
811 1736 1035 1821 Pro-Regem,
1052 1744 1087 1803 et
1102 1738 1247 1825 Regium
1264 1740 1336 1805 Me·

272 1836 337 1902 xici
351 1840 580 1921 Auditorium,
605 1842 692 1907 clam
704 1840 913 1927 Tcpayacatl
936 1838 1088 1919 adibant,
1113 1848 1216 1927 atque
1239 1842 1277 1909 B.
1294 1844 1334 1909 Μ.

273 1948 310 2013 V.
323 1950 366 2016 de
382 1953 584 2041 Guadalupe
597 1953 881 2041 deprecabantur.
895 1950 993 2035 cujus
1005 1953 1198 2037 patrocinio
1209 1954 1337 2022 fautum

273 2058 325 2118 est
340 2060 378 2120 ut
393 2055 479 2142 ipsis
495 2059 628 2121 veniam
653 2058 705 2121 iili
721 2056 898 2121 haberent.
927 2054 973 2137 (3)

315 2154 475 2222 Narratio
490 2158 670 2222 Mexicana
686 2154 935 2242 apparitionis,
951 2154 1008 2218 nbi
1025 2153 1067 2219 de
1086 2156 1269 2237 miraculis,
1284 2182 1337 2225 as·

273 2258 356 2324 serit
377 2259 479 2324 iudos
495 2284 515 2325 a
530 2268 684 2347 tompore
709 2258 947 2345 apparitionis
963 2258 1002 2323 B.
1019 2257 1064 2323 M.
1082 2258 1120 2325 V.
1139 2260 1181 2326 de
1198 2261 1337 2329 Guada·

164 2379 170 2394 ²
258 2362 362 2449 dupe,
379 2363 550 2451 adipsum
582 2364 777 2449 confugisse
808 2363 843 2427 in
866 2363 1141 2429 necessitatibus.
1188 2364 1337 2454 Insuper

274 2466 454 2531 Mexicana
479 2468 640 2532 Narratio
656 2489 724 2531 non
740 2466 845 2531 refert
874 2468 942 2532 nisi
974 2466 1139 2531 miracula
1169 2469 1336 2555 antiquis·

273 2573 366 2648 sima,
383 2592 492 2655 eaque
510 2575 653 2657 propter
671 2569 801 2633 cultum
817 2568 856 2633 B.
874 2570 920 2634 M.
940 2570 977 2635 V.
996 2570 1039 2633 de
1057 2568 1261 2657 Guadalupe
1279 2594 1336 2637 au-

272 2672 515 2757 tiquissimum,
531 2678 566 2736 et
583 2671 782 2735 continuum
800 2672 961 2737 ostendit.

313 2775 458 2841 Constat
473 2776 531 2860 pia
546 2778 580 2839 et
597 2772 840 2857 antiquissima
865 2773 979 2859 legata
1008 2775 1177 2852 astitisse,
1208 2774 1336 2861 quibus

272 2879 310 2943 B.
326 2880 372 2945 M.
386 2878 424 2942 V.
439 2877 482 2943 de
499 2876 714 2961 Gnadalupe,
728 2883 762 2941 et
773 2876 1055 2963 Tepeyaquensis
1071 2877 1206 2964 Templi
1222 2878 1336 2946 cultus

272 2983 463 3059 fovebatur3
473 3002 639 3067 quaeque,
655 2985 773 3065 utpote
784 2980 930 3065 juridice
943 2980 1104 3060 admissa,
1121 2980 1336 3047 Ecclesiasti-

273 3108 346 3152 oam
357 3084 1128 3171 Auctoritatemcultumipsumapprobantem
1139 3083 1333 3151 ostendunt

314 3190 395 3257 Tria
410 3194 616 3255 testamenta
631 3188 673 3253 de
691 3188 754 3253 hac
770 3210 805 3252 re
822 3187 916 3274 apud
932 3209 968 3252 se
985 3186 1109 3252 habuit
1125 3187 1165 3253 D.
1184 3188 1335 3255 Lauren·

273 3294 342 3360 tius
356 3292 527 3369 Boturini,
558 3292 605 3374 (4)
623 3291 767 3356 scilicet:
793 3291 836 3355 l.⁰
873 3290 1129 3356 Testamentum
1160 3290 1335 3378 originale,

272 3398 457 3476 mexicene,
470 3395 550 3461 etin
564 3395 722 3459 indorum
736 3394 858 3481 papiro
881 3396 1058 3481 scriptum,
1072 3394 1249 3480 cujusdam
1265 3395 1335 3463 toe-

178 3492 186 3510 ’
272 3497 677 3579 minae,JoanniDidaco
700 3498 961 3585 propinquitate
983 3498 1242 3584 conjunctae,in
1265 3520 1335 3587 quo

312 3714 355 3788 (ι)
399 3713 494 3771 Sunia
510 3710 617 3770 Maria
631 3709 668 3766 de
685 3708 875 3787 Guaaa'upe,
895 3710 1027 3767 Patrona
1058 3709 1091 3766 de
1105 3710 1145 3765 los
1160 3711 1331 3777 mexicanos,

196 3790 201 3805 ⁵
273 3830 352 3871 oum.
367 3813 435 3884 480.

308 3912 353 3983 (π)
397 3906 583 3969 Rescribens
599 3907 676 3985 Regi
692 3908 833 3983 hispru03
850 3908 888 3966 de
904 3924 966 3983 quo
983 3907 1065 3966 inira.

311 4011 355 4085 (3)
399 4008 542 4068 Narratio
558 4007 721 4066 Mexicaoa
736 4005 961 4084 Apparitionis,
979 4006 1030 4065 ubi
1054 4008 1091 4067 de
1122 4006 1332 4066 Mimantis-

276 4106 654 4182 Boturini,caelogode1
673 4107 783 4164 Museo
800 4105 945 4175 Iudiano,
961 4106 974 4179 ἓ
989 4124 1036 4180 34.
1055 4109 1140 4163 oiim.
1158 4124 1185 4181 3.

311 4222 355 4299 (4)
398 4223 545 4300 Cattlogo
559 4222 608 4282 del
626 4223 735 4281 Museo
752 4220 890 4292 ludiano,
909 4222 986 4297 §35
1003 4220 1084 4281 oiim.
1103 4241 1129 4295 4,
1149 4240 1175 4295 s,
1190 4232 1220 4283 et
1235 4240 1263 4299 3,
1280 4224 1337 4299 tt!

273 4338 320 4399 34,
334 4320 419 4383 aum.
436 4340 463 4398 3.
