3625 5217
995 421 1065 509 ros¹

491 594 578 695 Boot
589 592 664 678 dies
679 591 812 683 aliquot
826 592 872 682 eb
882 592 958 679 ejus
969 591 1068 659 obitu
1077 590 1249 679 Merinum
1262 589 1401 658 advenit
1410 590 1550 657 merida

491 694 641 787 regimim
653 716 722 783 qno
734 692 999 795 oonstsbstejus
1011 692 1293 773 deenilensem
1315 692 1549 785 Arohiepisoo

489 806 608 889 petum
624 800 865 889 praesentatio.
902 800 971 867 Pro
987 798 1082 868 oultu
1105 800 1145 867 B.
1161 800 1208 867 Μ
1225 800 1267 869 V.
1282 800 1325 868 de
1347 802 1549 889 Gusdnlupe

489 902 591 972 Sedis
602 901 822 993 Apostolions
844 903 990 971 solemni
1012 902 1261 992 approbatione
1277 904 1434 994 augendo
1458 904 1549 973 solli-

488 1007 556 1075 oite
571 1004 749 1075 loboravit
769 1007 816 1094 (1)
828 1006 978 1095 Scripsit

534 1110 653 1179 Garios
666 1112 700 1178 al
713 1112 772 1178 Br.
790 1111 833 1178 D.
851 1110 970 1195 Miquei
995 1108 1131 1177 Sdnchez
1144 1110 1233 1177 sobre
1247 1110 1280 1177 ia
1295 1110 1447 1179 Hbtoria
1464 1112 1548 1179 Gua-

485 1212 661 1301 dolupana.
680 1214 790 1303 Typis
803 1211 878 1281 edit
901 1212 1029 1281 Moxioi
1044 1235 1133 1280 enno
1148 1214 1242 1281 1644.
1260 1215 1307 1299 (2)

529 1317 598 1385 Hio
610 1317 686 1406 ipse
706 1322 826 1385 ouotor
855 1316 1086 1384 Narratiorem
1100 1316 1283 1384 historiones
1304 1318 1443 1385 latinam
1463 1318 1549 1387 Gno-

486 1421 667 1510 doinpensb
680 1419 906 1508 Apponitionb
920 1416 1065 1485 Romam
1088 1418 1184 1486 misit
1206 1420 1344 1507 qnando
1366 1420 1479 1511 prims
1493 1442 1549 1508 pe·

485 1521 569 1591 titio*
580 1521 673 1589 fsotn
686 1519 754 1589 fuit
769 1544 832 1609 pro
846 1521 958 1589 Misso
972 1525 1008 1591 et
1017 1519 1138 1589 Offioio
1161 1520 1361 1592 obtinendis
1383 1524 1420 1591 in
1443 1525 1550 1591 bono·

485 1648 559 1694 rem
584 1625 624 1693 B.
641 1624 688 1693 M.
704 1623 744 1692 V.
762 1624 805 1693 de
820 1624 1036 1715 Gundolupe.
1055 1624 1102 1713 (3)

528 1798 578 1867 11.
602 1794 774 1865 Snndorni
788 1820 812 1885 y
826 1797 957 1886 Zepnts
970 1797 1012 1865 Ι).
1029 1796 1237 1867 Lndovious:
1251 1798 1287 1867 in
1307 1798 1551 1887 Philosophia·

484 1905 521 1970 et
533 1900 731 1990 Theologie,
747 1905 783 1968 et
791 1899 969 1969 historicis
979 1902 1085 1969 rebus
1096 1902 1273 1990 prseolnre
1300 1901 1367 1971 init
1382 1901 1549 1981 eruditus,

485 2003 617 2092 quique
631 2004 737 2072 etiem
752 2002 893 2092 optimis
906 2004 983 2092 ejus
1002 2004 1171 2093 temporis
1186 2005 1300 2095 poetis
1326 2006 1469 2092 aequori
1494 2029 1551 2095 po;

484 2107 561 2175 tuit
580 2108 626 2192 (4)
642 2106 792 2195 Scripsit

533 2212 650 2281 Varios
673 2212 837 2300 poeninon
860 2212 1003 2289 Nueetra
1018 2211 1143 2281 Seuero
1166 2212 1205 2279 de
1227 2212 1416 2299 Gnodnlnpe
1429 2212 1469 2279 de
1484 2212 1551 2279 Ms'·

483 2317 562 2385 τοίω.
599 2316 699 2405 'Pipis
712 2314 786 2383 edit
799 2314 946 2382 dirersis
961 2313 1185 2402 temporibus.
1205 2316 1251 2397 (5)

527 2420 663 2510 Quibus
688 2417 904 2507 temporibus
934 2422 1054 2485 aneton
1068 2417 1147 2484 illes
1170 2418 1265 2506 typis
1294 2416 1469 2485 mandevit
1482 2440 1551 2485 non

484 2524 571 2594 dicit
584 2522 855 2611 Bibliogrepbus
880 2520 1067 2589 Beriotein:
1091 2527 1209 2587 nsunt
1224 2525 1339 2588 sutem
1354 2520 1458 2609 hujus
1473 2544 1552 2591 nuo·

483 2627 571 2697 toris
579 2626 823 2716 panegyricum
834 2624 929 2714 typis
941 2624 1021 2692 edit
1036 2646 1126 2691 anno
1139 2623 1233 2704 1645,
1248 2626 1293 2709 (6)
1307 2624 1398 2693 unde
1414 2626 1551 2715 aproxi-

483 2731 609 2800 metive
639 2728 762 2817 oonjioi
785 2728 915 2829 poterit
947 2750 1017 2817 quo
1032 2733 1188 2817 tempore
1222 2728 1374 2795 oermino
1388 2728 1450 2797 ille
1478 2728 1550 2799 fue·

484 2842 556 2911 rint
576 2840 672 2929 typis
692 2838 784 2908 dete

529 3014 578 3082 11.
602 3012 756 3081 Senohez
768 3009 812 3077 D.
828 3009 990 3092 Michael,
1002 3008 1199 3098 Presbyter,
1229 3010 1439 3101 Theologine
1460 3014 1550 3103 peri·

483 3130 551 3207 tos,
567 3124 649 3193 etin
659 3120 891 3190 oonoionnndo
906 3119 994 3188 odeo
1004 3122 1211 3209 praeclarus.
1221 3127 1261 3190 ut
1275 3122 1549 3211 praedicatorum

483 3228 652 3319 Megister
666 3224 838 3295 communi
852 3246 935 3291 vooe
956 3223 1139 3307 diniensium
1154 3228 1174 3293 ὲ
1190 3227 1380 3297 mexiosnis
1409 3229 1549 3297 Archie·

482 3332 646 3422 pisoopis,
670 3335 707 3399 et
731 3328 944 3417 Proregibus
973 3326 1104 3397 honore
1134 3329 1285 3399 habitus
1331 3330 1470 3415 Quanto
1484 3355 1549 3399 sn-

524 3526 571 3604 (r)
612 3521 769 3597 Beristain,
786 3519 909 3585 Bibliot.
925 3530 977 3583 art
1001 3518 1077 3583 Siles
1090 3522 1177 3585 limo.
1203 3525 1241 3587 D.
1258 3522 1428 3585 Francisco.

523 3626 570 3705 (ε)
612 3621 819 3694 Beristain,ib.

523 3722 570 3806 (3)
612 3720 723 3785 Guridi
750 3722 886 3796 Alcoser,
914 3722 1067 3799 ApologIa
1088 3720 1128 3784 de
1155 3722 1184 3783 la
1198 3722 1371 3802 Apnricion,
1400 3734 1469 3797 eto,
1483 3742 1548 3803 cap.

486 3843 498 3884 r
504 3841 532 3903 5,
546 3818 602 3884 ubi
615 3822 655 3884 de
668 3818 849 3884 scritoribus.
874 3820 913 3881 Et
927 3836 956 3881 v.
972 3818 1052 3881 infra
1065 3823 1150 3883 nim.
1170 3822 1215 3883 18.

484 3936 488 3943 ·
523 3922 568 4001 (4)
610 3917 759 3982 Beristmn
786 3916 906 3980 Biblion
941 3916 1029 3997 Hisp.
1059 3918 1191 3982 Americ.
1208 3932 1260 3981 ert.
1291 3919 1443 3983 Sondovnl
1460 3924 1551 4001 yZa·

526 4221 571 4300 (6)
611 4218 772 4297 Berisum,
787 4220 829 4284 ib.
