3625 5217
1008 412 1070 491 142

500 620 598 665 sacra
611 598 766 686 Imagins
783 598 825 664 de
842 597 1046 685 Guadalupe
1063 596 1243 675 invocavit,
1261 600 1297 663 ta
1312 619 1379 682 que
1396 596 1475 662 inde
1492 608 1562 661 om·

504 702 587 768 nino
602 725 708 768 sanus
723 702 835 768 exivit
871 700 981 766 Pictis
998 700 1171 766 coloribus
1188 706 1485 787 repraesentatum
1502 698 1565 763 hoc

505 806 706 871 miraculum
723 804 758 870 in
775 803 1038 891 Tepeyaquensi
1064 802 1209 889 Templo
1236 802 1425 869 videbatur.
1454 804 1499 883 (l)

546 928 656 994 Rmus
670 927 725 991 Fr.
743 925 893 991 Thomas
921 926 963 991 de
991 925 1217 1005 Monterroso,
1249 924 1443 1013 Episcopus
1459 924 1566 991 Oara-

503 1030 654 1118 quenais,
672 1028 811 1117 praevia
826 1026 1006 1094 doctoium
1023 1028 1172 1093 virorum
1189 1029 1449 1107 consultatione,
1467 1028 1565 1094 mira·

504 1134 620 1201 culose
635 1138 870 1219 recuperatam
886 1130 1076 1197 declaravit
1091 1130 1273 1197 sanitatem
1301 1130 1477 1216 cujusdam
1494 1154 1566 1197 mu·

501 1236 598 1303 lieris
614 1237 777 1313 infirmae,
791 1235 846 1301 eni
858 1232 1010 1321 potanda
1022 1234 1103 1299 data
1119 1234 1287 1319 initaque
1303 1256 1378 1299 cum
1395 1234 1565 1299 cineribus

502 1345 606 1411 unius
621 1367 662 1409 ex
674 1344 801 1420 linteis,
814 1342 942 1427 quibus
953 1340 997 1404 ob
1010 1338 1234 1405 reverentiam
1248 1338 1469 1427 operiebatur
1477 1339 1566 1405 Ima·

503 1472 547 1536 go
563 1446 849 1534 Guadalupensis,
866 1444 957 1510 iacta
967 1444 1063 1529 juxta
1093 1443 1303 1529 originalem,
1321 1443 1355 1508 in
1372 1444 1501 1531 templo
1531 1443 1565 1509 in

502 1552 578 1639 ejus
593 1551 756 1617 honorem
772 1555 886 1615 erecto
917 1546 960 1613 ad
976 1546 1070 1611 illam
1095 1547 1278 1625 civitatem;
1314 1546 1407 1633 quod
1422 1546 1565 1612 linteum

503 1660 617 1721 ustum
628 1654 740 1719 fuerat
750 1652 866 1737 aliqua
877 1650 1028 1717 scintilla
1040 1650 1165 1715 emissa
1176 1673 1217 1716 ex
1230 1650 1381 1716 candelis
1390 1650 1427 1716 in
1442 1648 1565 1736 Imagi-

502 1760 556 1825 nis
568 1760 733 1826 honorem
745 1756 905 1823 accensio.
931 1754 1040 1821 Simul
1053 1754 1157 1820 etiam
1171 1756 1370 1821 miraculum
1384 1778 1565 1841 agnoscen.

501 1862 584 1927 dum
600 1860 698 1927 duxit
712 1859 748 1924 in
768 1880 809 1923 eo
821 1856 915 1944 quod
938 1857 1024 1921 illud
1036 1852 1190 1937 linteum,
1208 1858 1301 1944 quod
1317 1858 1466 1925 medium
1481 1864 1563 1937 erat,

502 1971 617 2031 ustum
631 1961 744 2039 fuerit,
757 1960 888 2025 illaesis
899 1960 977 2025 aliis
987 1961 1253 2039 remanentibus,
1264 1984 1351 2047 quae
1364 1985 1408 2028 ex
1420 1968 1563 2049 utroquo

502 2072 608 2137 latere
621 2070 690 2157 ipsi
705 2077 803 2136 erant
818 2073 975 2157 contigui.
1001 2072 1110 2137 limus
1133 2072 1349 2137 Monterroso
1380 2074 1564 2139 solemnem

501 2178 690 2265 gratiarum
706 2178 874 2245 actionem
905 2180 1066 2256 decrerit,
1098 2180 1148 2245 ita
1164 2186 1202 2245 ut
1218 2179 1273 2245 die
1290 2178 1493 2245 duodecima
1507 2178 1563 2245 de·

503 2282 648 2349 cambris
664 2283 759 2349 illius
771 2282 861 2361 anni,
878 2282 939 2369 qni
952 2282 1018 2348 fuit
1031 2284 1123 2361 1665,
1136 2283 1172 2347 in
1188 2282 1363 2371 praedicto
1380 2284 1509 2371 templo
1524 2282 1560 2347 B.

501 2386 550 2450 M.
562 2385 600 2452 V.
618 2387 661 2453 de
674 2386 887 2472 Guadalupe¹
901 2386 977 2471 ipso
993 2386 1168 2463 Antistite,
1185 2392 1220 2451 et
1232 2384 1449 2451 Cathedralis
1466 2386 1563 2473 Capi·

502 2489 576 2553 tulo
588 2490 817 2568 adstantibus,
832 2490 943 2555 Missa
958 2489 993 2554 in
1006 2486 1159 2574 ejusdem
1170 2488 1322 2575 Virginis
1335 2488 1498 2555 honorem
1511 2512 1562 2555 so-

502 2592 660 2661 lemniter
676 2596 917 2675 celebraretur,
936 2597 1096 2662 concione
1114 2594 1233 2660 habita
1249 2594 1292 2659 ad
1309 2594 1484 2681 populum.
1518 2594 1561 2675 (2)

566 2716 684 2781 Rmus.
716 2717 775 2782 Dr.
806 2718 848 2781 D.
876 2718 1065 2786 Pantaleon
1095 2716 1248 2795 Alvarez,
1281 2716 1563 2803 Agelopolitanue

501 2819 707 2907 Episcopus,
723 2820 863 2907 praevio
873 2821 1021 2907 juridico
1034 2844 1206 2909 processu,
1220 2822 1255 2886 in
1267 2844 1344 2906 qno,
1364 2820 1453 2887 inter
1468 2820 1561 2899 alios,

503 2928 573 2989 tres
588 2923 721 3001 medici,
738 2930 773 2989 et
789 2924 969 3011 chirurgus
985 2948 1074 2989 unus
1101 2924 1334 2991 testimonium
1351 2924 1488 3005 dedere,
1504 2927 1562 2991 mi·

502 3025 693 3092 raculosam
709 3027 896 3093 declararit
912 3028 1106 3105 sanitatem,
1131 3050 1243 3113 qnam,
1261 3050 1337 3093 cum
1349 3030 1500 3115 graviter
1515 3032 1562 3095 hr-

501 3128 703 3209 firmaretur,
719 3132 837 3197 statim
853 3138 1036 3197 consecuta
1051 3138 1105 3197 est
1120 3130 1288 3217 quaedam
1320 3132 1480 3199 monialis
1495 3158 1562 3199 mo·

502 3233 645 3299 nasterii
660 3234 803 3300 Sanctae
816 3234 1007 3313 Catariuae,
1021 3236 1194 3321 applicata
1206 3236 1272 3301 sibi
1289 3236 1332 3301 ad
1348 3242 1468 3322 pectus
1483 3260 1561 3322 que·

503 3334 582 3400 dam
598 3336 751 3421 lmagine
761 3338 799 3401 B.
813 3338 859 3403 M.
871 3338 909 3403 V.
926 3339 968 3404 de
985 3338 1197 3424 Guadalupe,
1210 3344 1245 3404 et
1257 3339 1332 3426 ipsa
1344 3340 1562 3407 sanctissima

504 3438 643 3522 Virgine
659 3439 816 3505 invocata
830 3441 886 3506 die
912 3443 951 3506 12
968 3441 1168 3507 Decembris
1198 3443 1277 3508 anni
1294 3444 1384 3509 1755.
1417 3444 1559 3527 Quidam

504 3543 660 3628 scriptor,
676 3549 716 3609 ut
730 3542 773 3607 de
785 3544 850 3608 hoc
862 3545 1026 3609 miraculo
1037 3545 1168 3611 firmius
1178 3544 1290 3611 adhuc
1306 3552 1486 3625 constaret,
1508 3570 1560 3613 an·

504 3645 655 3723 1101883,
676 3646 849 3712 consuluit
867 3646 910 3712 de
934 3670 975 3711 eo
1001 3648 1245 3733 peritissimum
1271 3649 1438 3715 medicum
1463 3650 1559 3718 mexi-

505 3769 626 3813 cannm
646 3748 688 3812 Ι).
706 3749 961 3815 Emmanuelem
975 3750 1142 3817 Carmona
1152 3776 1174 3838 y
1191 3752 1298 3831 Valle,
1315 3756 1372 3839 qni
1383 3752 1560 3839 diligenter

505 3849 660 3937 inspecto
670 3850 818 3936 juridico
843 3873 1017 3941 processu,
1043 3877 1145 3939 quem
1162 3856 1404 3943 transcriptum
1421 3855 1512 3943 apud
1527 3878 1558 3921 ee

548 4090 593 4167 (1)
639 4090 799 4164 Florentia,
817 4094 917 4169 Opere
932 4092 990 4167 cit,
1007 4113 1069 4171 cap.
1092 4115 1139 4168 ει,
1156 4096 1236 4155 ndm.
1257 4116 1309 4169 ²4¹
1329 4109 1434 4175 etseq.

549 4192 596 4270 (2)
641 4190 796 4253 Florentia
810 4190 848 4253 ib.
865 4210 930 4271 cap.
950 4196 994 4252 26.
