3625 5217
752 709 817 786 147

252 886 311 954 die
325 888 368 955 ln
381 888 584 957 Decembris
598 891 678 957 anni
690 891 782 959 1794.
805 889 876 957 Hic
889 895 1004 957 antem
1018 910 1087 956 non
1101 889 1238 977 negavit
1252 888 1313 955 mi-

253 986 407 1053 raculum
420 988 668 1075 Apparitionis,
683 986 745 1055 sed
758 987 847 1055 illud
861 987 963 1055 aliter
992 988 1194 1076 composuit,
1224 990 1314 1056 scili·

252 1097 316 1169 cet,
331 1092 426 1179 quod
439 1092 480 1160 B.
496 1093 543 1160 Μ.
559 1092 599 1161 V.
616 1094 651 1165 in
666 1093 772 1182 pallio
781 1092 898 1160 Sancti
910 1090 1061 1159 Thomas
1072 1091 1241 1179 Apostoli,
1254 1094 1315 1179 qui

255 1193 359 1261 bisin
375 1196 478 1264 terrie
492 1198 750 1285 praedicaverit,
780 1220 856 1264 scae
871 1196 1037 1286 depinxit
1066 1218 1209 1285 eamque
1240 1220 1315 1265 esse

254 1298 445 1385 Imaginem
458 1300 502 1367 de
517 1302 731 1389 Guadalupe,
747 1323 850 1388 quam
866 1300 968 1367 modo
993 1320 1202 1367 veneramur.
1247 1300 1316 1368 Ad·

255 1422 375 1469 versus
403 1403 589 1471 Doctorem
618 1406 708 1471 Mier
722 1405 864 1492 juridice
893 1404 966 1491 egit
987 1404 1096 1471 Rmus
1124 1404 1244 1471 Nunez
1273 1404 1316 1470 de

255 1504 363 1585 Herc,
377 1505 579 1575 Merioanne
592 1509 890 1596 Arcbiepiscopua
917 1510 963 1594 (1)
1008 1508 1077 1574 Hic
1099 1506 1318 1574 concionator

254 1630 345 1695 qnae
360 1608 627 1696 praedicaverat,
650 1612 855 1679 retractavit
880 1612 927 1697 (2)
970 1613 1027 1690 Aa,
1043 1610 1170 1677 missus
1185 1610 1221 1677 in
1235 1609 1318 1678 His-

256 1713 404 1798 paniarn,
420 1713 554 1781 litterae
567 1715 708 1803 scripsit
722 1716 766 1782 ad
779 1717 949 1783 ioannem
971 1714 1164 1802 Baptistam
1180 1713 1318 1795 Maior,

256 1837 325 1881 non
339 1822 431 1884 recte
445 1818 598 1885 sentiens
612 1818 656 1885 de
673 1819 911 1907 Apparitione.
930 1820 978 1903 (3)
997 1864 1009 1891 .

299 1918 402 2003 Quod
416 1920 461 1987 ad
469 1922 655 2009 scriptores
666 1922 799 2001 attinet,
811 1921 974 2008 objicitur
984 1926 1099 1989 textus
1110 1920 1249 2008 quidem
1262 1918 1317 1985 Fr.

258 2017 463 2089 Bernardini
491 2021 664 2107 Sahcgun,
690 2023 825 2109 antiqui
854 2020 1044 2111 scriptoris,
1059 2025 1120 2110 qni
1150 2022 1238 2091 dixit
1252 2044 1320 2089 non

259 2129 354 2190 certo
366 2123 448 2191 sciri
463 2125 553 2193 unde
569 2132 645 2193 orta
658 2127 764 2193 inerit
777 2126 934 2193 fundatio
949 2128 987 2193 Β.
1005 2127 1051 2193 Μ.
1073 2126 1108 2195 V.
1125 2126 1168 2193 de
1183 2126 1320 2193 Gunde-

258 2224 348 2313 lupe.
393 2226 522 2293 Verum
535 2230 632 2317 gravi
647 2229 779 2296 ratione
794 2236 909 2302 textus
925 2228 1076 2297 creditur
1092 2229 1321 2318 apocryphus,

259 2333 299 2393 ut
312 2327 446 2396 dicetur
460 2330 496 2396 in
510 2331 681 2400 solutione
697 2332 936 2419 objectionum.

302 2430 500 2520 opponitur
515 2434 619 2501 etiam
634 2435 811 2503 silentium
825 2436 881 2503 Fr.
911 2436 1057 2503 ioannis
1073 2434 1322 2522 Torquemada,
1416 2491 1418 2501 .

261 2534 322 2620 qui
331 2536 368 2603 in
378 2560 493 2625 opere,
504 2537 559 2604 cui
568 2538 701 2618 titulus,
711 2538 919 2626 Monarquia
929 2538 1083 2618 Indiana,
1093 2538 1175 2605 licet
1185 2536 1228 2604 de
1238 2542 1326 2605 tem-

262 2642 330 2729 plo,
346 2647 382 2708 et
395 2640 439 2709 de
454 2641 531 2729 ipsa
545 2643 585 2708 B.
597 2642 644 2709 Μ.
659 2642 698 2709 V.
715 2641 759 2709 de
781 2642 986 2731 Guadalupe
1012 2642 1129 2728 aliqua
1143 2639 1249 2709 verba
1274 2638 1326 2707 ia·

263 2743 340 2826 ciat,
351 2745 613 2835 apparitionem
624 2769 693 2815 non
704 2752 830 2829 canat,
839 2747 944 2815 etiam
956 2747 1134 2817 occasione
1144 2745 1214 2815 sibi
1228 2745 1325 2813 obla·

263 2862 308 2934 ta,
319 2877 398 2921 nam
407 2855 513 2923 vitam
523 2858 663 2945 scripsit
672 2858 981 2947 RmiZumarrcga.
995 2858 1109 2945 Atque
1121 2856 1226 2924 ctiam
1238 2856 1324 2943 obji-

265 2959 352 3025 citur
363 2957 539 3025 silentium
549 2960 605 3027 Fr.
616 2960 785 3029 Imdorici
794 2962 966 3043 Oisneros,
976 2961 1039 3049 qni
1049 2960 1092 3028 de
1103 2960 1234 3049 templo
1249 2960 1325 3048 qui·

264 3060 458 3136 demetrio
473 3063 627 3151 Imagine
642 3065 681 3130 Β.
697 3065 745 3133 M
758 3064 797 3133 V.
814 3064 858 3133 de
872 3064 1078 3153 Gnadalnpe
1089 3062 1254 3150 loquitur,
1269 3086 1326 3131 ve-

265 3190 339 3235 rum
353 3190 423 3236 non
438 3176 554 3235 narrat
565 3170 833 3259 Apparitionem.
868 3173 916 3240 At
930 3193 1011 3239 vero
1027 3176 1184 3239 auctores
1199 3170 1265 3237 hoc
1280 3169 1326 3237 si-

265 3278 409 3347 lentium
423 3286 595 3361 excusant,
611 3288 651 3348 ut
664 3282 797 3349 dicetur
822 3283 859 3349 iu
883 3280 1055 3349 solutione
1085 3275 1324 3364 objectionum.

265 3384 384 3470 anue
399 3383 575 3450 excusatio
590 3386 747 3453 convenit
760 3385 864 3452 etiam
878 3384 934 3451 Fr.
951 3382 1165 3470 Hieronymo
1174 3378 1327 3447 Mendic-

266 3491 387 3566 ta,etc

306 3590 361 3657 Fr.
378 3591 593 3677 Augustinus
607 3592 804 3673 Betancurt,
820 3591 881 3679 qui
903 3590 1097 3657 chronicam
1124 3586 1331 3653 Provinciae.

267 3694 441 3761 Merioeae
457 3695 745 3762 franciscanorum
774 3694 924 3785 scripsit,
946 3690 1207 3782 Apparitioncm
1237 3710 1328 3755 asse·

267 3806 322 3882 rit;
336 3824 455 3869 verum
469 3802 628 3870 dubitare
643 3800 781 3868 videtur
794 3801 838 3869 dc
853 3824 894 3868 eo
909 3798 1004 3889 quod
1029 3820 1138 3880 rosae,
1167 3804 1203 3867 et
1217 3796 1328 3875 flores,

267 3930 356 3994 quos
369 3908 393 3975 J
394 3929 522 3974 oannes
536 3905 690 3973 Didacas
705 3905 831 3974 detulit
843 3906 933 3973 Rmo
958 3905 1175 3989 Zumarraga,
1203 3897 1331 3967 inerint

310 4084 353 4159 (ι)
396 4082 556 4158 Oquendo,
573 4079 760 4143 Disertacion
775 4078 919 4141 historica
940 4082 1028 4141 sobre
1041 4080 1070 4139 la
1086 4074 1259 4155 Aparicion,
1274 4084 1329 4134 etc.

270 4175 343 4245 tom.
361 4204 388 4260 2,
402 4187 582 4262 cap.9,§5.

309 4287 355 4365 (ι)
396 4284 559 4362 Oquendo,
574 4283 614 4346 ib.

306 4375 352 4469 (3')
394 4391 440 4451 ra
455 4390 579 4451 refertur
592 4386 735 4465 inopere,
749 4385 798 4447 cui
812 4384 926 4457 tcum,
941 4386 1034 4445 sana
1048 4380 1198 4454 nauare
1211 4376 1332 4446 cusa.

268 4501 346 4583 lupe,
360 4501 491 4570 Patrona
503 4498 545 4568 dc
556 4497 603 4564 lor
618 4494 804 4571 Meaicauos,
816 4491 904 4557 nitur.
921 4508 988 4576 5²9·
