3625 5217
324 832 421 878 error
434 834 502 899 que
517 812 698 901 padeoen.”
746 815 891 883 Constat
916 838 998 903 ergo
1025 814 1298 885 nontinuatorem
1323 832 1393 887 non

324 916 518 1003 improbare
533 918 750 987 devotionem
762 920 801 987 B.
818 920 865 987 Μ.
879 920 919 988 V.
931 920 975 988 de
986 918 1203 1009 Guadalupe
1219 921 1311 990 nunt
1322 944 1392 990 non

323 1025 496 1113 improbat
510 1028 725 1099 devotionem
743 1032 780 1099 Β.
796 1033 926 1112 Annae,
942 1037 979 1099 et
992 1032 1031 1099 B.
1055 1031 1211 1113 JoanniS,
1229 1032 1291 1101 aad
1317 1040 1392 1101 tun·

322 1130 499 1197 tummodo
527 1130 723 1201 desiderare
738 1136 905 1223 populum
920 1134 1058 1217 erudiri,
1075 1160 1117 1203 ue
1143 1134 1232 1203 iorte
1260 1138 1392 1205 eontin-

321 1240 417 1321 garet
431 1240 524 1321 quod
539 1243 682 1325 propter
695 1240 872 1307 nominum
886 1240 1114 1321 identitatem,
1141 1240 1224 1307 dum
1253 1240 1392 1329 imperi-

323 1344 380 1405 tua
396 1340 519 1426 vulgus
535 1341 710 1409 videretur
736 1344 887 1411 exterius
901 1344 941 1411 B.
961 1344 1004 1410 11.
1021 1345 1061 1413 V.
1078 1352 1113 1413 et
1139 1344 1333 1427 Monam,
1356 1352 1392 1415 et
1484 1349 1493 1373 ¹

323 1444 362 1510 B.
387 1444 556 1511 Jounuem
571 1468 743 1528 venerare,
759 1454 925 1517 revereat
940 1449 1087 1517 interius
1099 1450 1184 1519 deos
1210 1450 1319 1521 ialam
1343 1453 1392 1521 ibi

323 1548 460 1627 coleret,
476 1548 529 1615 uti
544 1550 697 1618 coluerat
721 1551 923 1639 antiqnitna
968 1552 1039 1621 Cur
1054 1552 1121 1621 hoa
1147 1575 1216 1621 non
1242 1554 1388 1624 adduxit

323 1650 466 1717 Marion?

361 1757 505 1825 Praeter
519 1759 597 1840 alia,
615 1760 701 1827 haee
715 1760 830 1841 verba,
848 1760 922 1828 “De
953 1761 1067 1829 donde
1079 1762 1170 1851 haya
1181 1762 1305 1829 naaido
1316 1768 1392 1831 aeta

322 1860 505 1928 fundacion
514 1863 556 1929 de
580 1870 654 1931 aeta
670 1864 862 1930 Tonantzin
877 1887 923 1932 no
938 1888 977 1933 ee
999 1864 1084 1933 eabe
1099 1864 1142 1931 de
1159 1864 1298 1947 oierto‚”
1315 1852 1392 1933 iun·

321 1965 518 2035 dementum
546 1968 716 2036 dederunt
746 1974 786 2035 ut
800 1974 916 2036 textus
945 1974 1166 2057 reputaretur
1197 1976 1392 2059 aomptnn,

318 2071 373 2136 vel
388 2072 614 2161 apocryphus.
639 2073 695 2138 Ita
710 2073 860 2141 Alcoaer.
879 2073 926 2155 (1)
951 2072 1145 2141 Dicendum
1161 2078 1294 2141 textum
1322 2096 1391 2142 non

321 2176 445 2241 eaeeP.
459 2174 629 2263 Sahagun
657 2176 746 2243 Nam
763 2176 815 2257 l.⁰,
826 2178 931 2266 juxta
942 2176 1104 2263 Eguiara,
1116 2178 1164 2260 (2)
1175 2175 1213 2244 P.
1227 2176 1391 2265 Sahegnn

322 2278 503 2365 theologus
518 2280 585 2346 fuit
598 2279 865 2361 eruditissimus,
882 2278 1057 2369 quomodo
1070 2285 1184 2348 autem
1196 2280 1391 2348 eruditissi-

322 2404 399 2451 mua
429 2384 612 2469 theologus
627 2383 785 2469 ignorare
801 2385 975 2473 potuisset
998 2384 1037 2451 B.
1055 2382 1101 2449 M.
1115 2383 1169 2464 V„
1195 2405 1311 2451 veram
1323 2384 1390 2453 Dei

322 2488 480 2565 Matrem,
494 2488 600 2555 etiam
615 2486 758 2553 Matrem
774 2494 927 2557 nostram
944 2488 1012 2554 diei
1027 2488 1181 2575 piissime
1197 2509 1218 2553 a
1232 2487 1391 2556 christia·

322 2592 392 2659 nie‘?
415 2594 461 2659 At
476 2614 556 2658 vero
571 2590 607 2655 iu
622 2596 728 2671 textu,
744 2591 806 2679 qui
821 2590 995 2678 objicitur,
1008 2591 1234 2681 improbatur,
1251 2612 1321 2657 non
1336 2614 1390 2659 so-

321 2694 393 2761 lum
409 2716 512 2761 oauaa
527 2693 739 2781 prudentiae,
755 2697 992 2760 verumetiam
1008 2692 1201 2781 theologiae
1216 2692 1256 2758 B.
1286 2691 1326 2760 V.
1344 2694 1388 2760 M.

321 2798 390 2864 diei
402 2798 550 2864 Matrem
565 2802 727 2877 nostram,
743 2796 779 2862 id
791 2802 854 2875 eet,
873 2796 1057 2863 Tonantio:
1071 2796 1199 2863 dieitur
1214 2794 1317 2863 enim:
1340 2796 1391 2863 “Y

320 2924 359 2969 aa
375 2925 455 2968 cosa
470 2924 537 2988 que
553 2923 589 2967 ee
605 2900 708 2967 debie
720 2900 898 2980 remediar,
915 2922 1049 2988 perque
1061 2900 1093 2967 el
1108 2898 1232 2987 propio
1248 2900 1390 2967 nombre

320 3005 365 3071 de
379 3006 414 3071 la
428 3005 549 3070 Madre
565 3004 607 3069 de
622 3003 719 3081 Dios,
746 3003 876 3069 Seiiora
902 3008 1055 3082 mostra,
1082 3026 1127 3069 no
1142 3024 1180 3070 aa
1215 3002 1392 3069 Tonantio

323 3109 450 3193 (Mater
464 3110 596 3194 nostru)
608 3107 685 3174 eino
700 3106 783 3171 Dior
796 3106 936 3172 iuaatzin
953 3105 1080 3192 (Mater
1091 3104 1182 3187 Dei).
1207 3104 1257 3171 2⁰
1274 3104 1312 3171 P.
1330 3105 1391 3173 Su·

321 3212 438 3299 hagun
454 3213 684 3299 peritissimus
699 3210 767 3277 fuit
779 3209 975 3277 Maxiaanae
990 3210 1145 3297 Linguae
1160 3210 1216 3294 :(3)
1232 3209 1315 3277 talis
1331 3232 1392 3277 au·

321 3318 391 3381 tem
407 3315 459 3381 vir
473 3316 587 3381 dicere
603 3314 741 3381 minime
756 3312 931 3400 potuisset
946 3334 1071 3379 nomen
1091 3311 1271 3379 ronanam
1287 3334 1390 3402 prop·

323 3431 377 3491 ter
407 3423 552 3509 primam
567 3422 823 3509 impositionem
852 3420 1047 3509 significare
1073 3420 1170 3487 illam
1196 3419 1389 3488 infidelium

224 3612 229 3619 Ψ
321 3528 430 3603 deam,
447 3548 550 3611 quam
565 3525 727 3591 dicebant
742 3526 928 3605 Toaaaizia3
938 3530 974 3591 at
988 3547 1070 3592 vero
1086 3527 1201 3591 textus
1217 3523 1284 3591 hoo
1296 3546 1389 3591 aasa-

322 3630 369 3696 rit
384 3629 439 3694 his
453 3627 578 3706 verbis,
603 3628 756 3713 “Imque
772 3628 932 3694 aabemoa
948 3627 1251 3695 verdadaramente
1267 3648 1305 3695 aa
1322 3648 1389 3713 que
1515 3687 1518 3695 ,

324 3734 357 3799 al
372 3732 516 3798 vocablo
533 3731 703 3797 Toaoatzia
728 3732 887 3819 'significa
901 3732 944 3799 de
961 3754 1002 3797 au
1018 3730 1169 3818 primera
1184 3730 1390 3818 impoaiaion

323 3833 496 3920 aequella
516 3835 691 3900 Toaautzin
709 3834 878 3921 antigua'’
901 3834 1036 3902 Nomen
1059 3833 1126 3900 hoe
1140 3832 1174 3901 vi
1203 3855 1268 3901 aua
1284 3833 1389 3921 signi-

323 3938 405 4004 ficat
419 3938 612 4024 quamlibet
629 3944 781 4017 matrem,
797 3959 886 4024 quae
902 3959 1018 4004 amore
1035 3942 1096 4004 aut
1107 3937 1298 4005 reverentie
1312 3959 1391 4024 pro·

321 4049 497 4127 aequatur;
527 4042 744 4129 componitur
758 4043 849 4110 euim
879 4065 920 4109 ex
951 4042 1148 4129 possessivo
1163 4049 1194 4108 to
1219 4044 1350 4124 (noster
1367 4062 1389 4107 a

368 4236 411 4309 (ι)
455 4234 608 4311 Apologia
621 4234 659 4293 de
674 4234 704 4293 la
715 4232 886 4311 Aparicion‚
902 4246 959 4294 etc.
975 4252 1038 4311 cap.
1055 4235 1093 4293 X.

367 4330 413 4407 (2)
457 4330 587 4406 Bibliot,
603 4344 657 4391 art.
672 4330 875 4392 Bernardinus
889 4329 1102 4392 Sahauntinus.

369 4413 414 4490 (3)
458 4412 560 4475 Berist.
578 4414 698 4488 Bibliot
714 4424 766 4492 art,
783 4413 923 4500 Sahagun
940 4415 985 4483 Er.
1004 4409 1200 4481 Bernardino.
