3625 5217
987 455 1031 525 96

475 621 627 695 Oabrsra
641 624 819 711 Quintero,
837 628 883 713 (1)
900 626 1048 695 Camillo
1061 648 1085 714 y
1096 624 1212 705 Perea,
1230 624 1276 709 (2)
1290 618 1326 688 et
1340 620 1475 687 Marion
1491 613 1538 700 (3)

475 728 692 796 Processioni
707 730 847 797 erlfuere
862 729 1062 796 Merioanns
1083 724 1338 815 Archipraeeul,
1354 728 1391 789 et
1418 719 1539 787 Olerns

476 832 663 899 saecularis
678 838 714 899 ct
727 832 904 921 regularis,
920 837 957 899 et
967 832 1085 899 civiles
1096 830 1331 917 Magistratus,
1344 830 1380 891 et
1389 820 1539 911 populus

476 934 748 1016 innumerabilis;
775 936 1019 1023 undeplanum
1042 934 1303 1002 eetnullatenus
1318 924 1540 1017 piailladra·

477 1044 570 1105 mats
584 1038 690 1107 luisse
706 1040 875 1127 permissa
890 1040 958 1106 nisi
973 1061 1056 1107 vera
1076 1040 1281 1104 narrassent

519 1142 626 1210 Juxta
640 1143 816 1209 Beristain
832 1144 878 1229 (4)
909 1143 1014 1209 stiam
1030 1141 1189 1209 recitatio
1218 1144 1254 1207 et
1268 1132 1539 1225 repraesentatio

478 1245 515 1314 iu
528 1244 666 1313 laudem
681 1246 720 1311 B.
737 1246 783 1311 M.
801 1246 840 1311 V.
865 1245 909 1313 de
925 1246 1131 1333 Guadalupe
1147 1244 1183 1309 in
1198 1237 1404 1329 'l'epeyacatl
1421 1235 1541 1303 habits

479 1347 546 1415 luit
557 1370 633 1415 oum
649 1349 848 1415 solemniter
862 1350 898 1415 in
913 1372 1003 1416 novo
1014 1350 1144 1437 templo
1159 1348 1327 1415 collocata
1340 1346 1408 1412 luit
1422 1343 1541 1430 Imago

478 1449 757 1538 Gnsdalupsnsis
772 1452 827 1519 dic
842 1454 863 1518 2
892 1452 1073 1519 Februarii
1089 1451 1170 1518 anui
1185 1452 1277 1519 1667.
1323 1450 1401 1515 Hoc
1414 1446 1540 1513 lactum

479 1575 555 1621 esse
568 1553 772 1621 censendum
786 1561 839 1622 est
862 1578 939 1623 cum
951 1556 1140 1643 perfectum
1165 1555 1232 1622 fuit
1256 1553 1434 1640 templum,
1450 1548 1542 1637 quod

480 1655 517 1723 in
529 1658 726 1724 summitate
743 1656 949 1747 Tepeyacatl
961 1658 1176 1725 aedificatum
1188 1657 1256 1723 fuit
1264 1657 1329 1723 sub
1341 1654 1543 1741 Archiprae·

480 1758 556 1825 sule
570 1758 752 1826 Maxioono
766 1760 862 1827 Bmo.
887 1762 930 1827 D.
946 1762 1002 1827 Fr.
1019 1762 1138 1827 Marco
1152 1760 1320 1837 Ramirez,
1351 1762 1391 1823 ut
1410 1756 1543 1822 dicetur

480 1882 556 1927 cum
573 1860 615 1929 de
631 1862 726 1929 cultu
742 1868 915 1931 tractetur.
940 1864 1041 1947 Quod
1056 1868 1171 1930 antem
1186 1861 1253 1929 fuit
1267 1866 1350 1928 tunc
1364 1858 1542 1925 recitatum

480 1968 517 2031 et
544 1970 838 2051 repraesentatum
863 1966 991 2046 drama,
1007 1966 1111 2033 etiam
1126 1966 1194 2033 fuit
1216 1964 1311 2053 typis
1336 1962 1476 2041 editum,
1491 1960 1543 2027 uti

482 2066 607 2133 asserit
620 2067 802 2134 Beristain.
829 2071 874 2153 (5)

524 2170 568 2238 Iu
583 2170 720 2238 civitate
736 2172 791 2239 cui
812 2194 936 2238 nomen
958 2171 1158 2255 Queretaro,
1181 2192 1271 2237 anno
1286 2171 1371 2237 1680
1400 2166 1543 2235 solemni

482 2275 701 2365 processione
716 2296 735 2340 e
751 2274 940 2361 parochiali
964 2274 1121 2341 Ecclesia
1150 2275 1186 2339 in
1201 2273 1417 2360 magnificum
1447 2270 1543 2337 'I'em-

483 2376 579 2465 plum
595 2376 861 2463 Guedslupenes
876 2376 944 2467 jam
968 2377 1166 2467 perfectum,
1183 2377 1335 2442 delatum
1361 2375 1429 2441 fuit
1443 2374 1546 2442 Sanc·

483 2478 654 2547 tissimum
671 2478 909 2547 Eucharistiae
926 2481 1192 2558 Sacramentum,
1202 2486 1238 2546 et
1253 2479 1356 2546 etiam
1371 2479 1491 2567 Imago
1505 2478 1543 2543 R

483 2583 530 2651 M„
546 2580 585 2650 V.
598 2581 640 2649 de
652 2581 865 2670 Guadalupc.
882 2582 1098 2650 Processioni
1110 2582 1260 2662 adfuere,
1276 2582 1457 2648 universus
1472 2581 1545 2649 Ole-

484 2689 544 2753 rus
555 2684 741 2752 saecularis
756 2689 792 2751 et
806 2686 983 2773 regularis,
994 2693 1030 2755 et
1040 2688 1165 2757 iratres
1179 2688 1274 2756 tertii
1283 2688 1416 2755 ordinis
1430 2686 1545 2757 Sancti

484 2790 669 2869 Francisci,
684 2796 720 2857 ct
735 2814 853 2857 omues
868 2791 1175 2871 confraternitates,
1185 2799 1220 2859 et
1234 2792 1353 2859 civiles
1366 2792 1547 2880 Magistra·

484 2900 552 2971 tus,
568 2898 603 2961 et
617 2894 767 2981 populus
783 2894 989 2961 innumerus
1022 2895 1173 2963 Sisteute
1189 2901 1303 2963 autem
1319 2896 1546 2986 processione,

485 2996 521 3063 in
537 3001 651 3063 monte
681 2996 851 3063 artificiali
875 2996 911 3063 in
940 2998 1056 3085 platea
1079 2998 1229 3066 civitatis
1258 3004 1473 3087 praeparato,
1497 3004 1548 3066 tot

486 3097 727 3189 spectabilium
757 3098 907 3167 virorum
923 3100 1043 3179 oculis,
1073 3104 1109 3167 et
1123 3102 1285 3168 universo
1299 3102 1429 3189 populo
1459 3100 1547 3189 aspi·

486 3202 606 3281 ciente,
623 3208 879 3291 repraesentata
893 3204 961 3270 luit
975 3204 1159 3294 Apparitio
1169 3205 1208 3270 Β.
1223 3205 1270 3271 Μ.
1282 3202 1322 3272 V.
1334 3204 1393 3294 pio
1407 3202 1548 3293 neophi-

486 3316 524 3373 to
543 3304 670 3374 Joanni
685 3304 827 3373 Didaco.
847 3307 892 3391 (6)
938 3304 1025 3388 Quis
1054 3306 1294 3399 crederetalia
1322 3307 1391 3377 nisi
1419 3330 1500 3376 vera
1514 3307 1549 3375 in

486 3406 549 3477 illo
563 3430 645 3477 casu
659 3408 815 3497 potuisse
830 3408 983 3477 omnium
998 3408 1108 3477 oculis
1122 3410 1286 3499 proponi?

528 3604 575 3679 (ι)
600 3605 721 3667 Eseudo
735 3606 775 3667 de
790 3606 895 3667 Armes
905 3605 946 3669 de
961 3604 1092 3671 Mexico.
1107 3604 1159 3669 lib.
1174 3626 1215 3685 3.,
1229 3625 1295 3688 rap.
1324 3609 1371 3681 18,
1384 3606 1468 3669 num.
1496 3624 1528 3682 71
1533 3624 1548 3686 5

487 3694 518 3749 el
528 3704 697 3845 (saelll’ensil
712 3766 901 3837 Americano‚
916 3779 985 3841 eto,
999 3788 1058 3847 cap
1081 3789 1110 3844 4,
1123 3769 1139 3845 5
1152 3790 1180 3845 4,
1202 3771 1285 3831 nrtm.
1310 3788 1348 3845 47
1363 3782 1395 3832 et
1408 3788 1470 3847 seq.

529 3848 575 3928 (3)
599 3848 748 3911 Memoria
761 3850 848 3911 sobre
863 3850 892 3911 la
906 3850 1070 3928 Aparicioo
1084 3872 1103 3929 y
1117 3852 1145 3911 el
1172 3853 1256 3913 culto
1270 3852 1311 3914 de
1335 3854 1373 3915 N.
1389 3854 1502 3916 Serota
1515 3851 1554 3913 de

488 3932 667 4007 Guadrlupe
695 3930 735 3995 de
750 3930 880 4005 Mexico,
894 3935 979 3997 num.
997 3948 1044 4011 ²4
1088 3934 1232 3998 Dramara
1258 3932 1329 3998 illus
1356 3931 1500 4015 temporis
1512 3930 1553 3997 ibi

486 4022 718 4241 ”llllgtlllir
732 4105 787 4159 art.
803 4091 932 4167 Medica
943 4094 1023 4163 Solis
1037 4097 1077 4163 υ.
1091 4094 1236 4163 Annum
1285 4196 1288 4200 ἵ

481 4284 485 4293 ·
530 4174 578 4342 lll
594 4177 809 4343 illiricae,
822 4232 883 4325 Las
897 4253 1015 4325 Gloria
1027 4260 1069 4331 de
1081 4255 1258 4342 Quartum,
1271 4240 1339 4344 cap
1355 4280 1377 4341 4
1390 4249 1422 4326 it
1435 4236 1464 4341 ς’.
