3625 5217
843 583 910 655 298

352 754 510 828 drumm
523 759 591 850 pis:
605 758 679 829 illis
701 765 816 829 autem
830 757 973 847 hymnis
996 756 1238 846 Apparitionee
1251 746 1425 825 Guadalu·

354 884 479 949 penses
495 866 633 955 publice
662 865 944 943 decantabantur,
976 868 1079 949 atque
1109 864 1180 929 rllis
1210 864 1423 931 dramatibus

354 966 492 1054 publice
522 969 877 1059 repraesentabantur,
904 967 1188 1048 etnarrabantur,
1205 966 1301 1033 nullo
1316 968 1423 1055 impe·

353 1068 478 1138 diente.
523 1072 618 1160 Ergo
633 1094 676 1138 ne
691 1068 939 1157 archipraesul
954 1069 1159 1148 mexicanos,
1176 1074 1214 1135 ut
1242 1070 1423 1137 universus

354 1170 477 1242 Oleros
491 1174 680 1243 saecularis
695 1179 731 1241 et
745 1172 922 1260 regularis,
937 1178 974 1239 et
988 1172 1106 1239 civiles
1135 1170 1372 1259 Magistratus,
1388 1175 1424 1239 et

355 1306 475 1353 omnes
488 1286 555 1352 viri
568 1286 745 1373 sapientes
759 1284 859 1351 surdi
873 1288 971 1350 eraut
986 1288 1021 1349 et
1036 1282 1138 1361 caeci,
1154 1287 1189 1349 et
1204 1281 1284 1349 rdeo
1298 1282 1423 1348 falsum

354 1388 558 1455 miraculum
572 1411 594 1455 a
607 1390 711 1475 vulgo
736 1390 911 1453 inventurn
936 1386 1075 1472 publice
1092 1384 1222 1450 narrari
1237 1390 1273 1449 et
1288 1406 1425 1471 reprae-

354 1492 486 1559 sentari
513 1516 582 1559 non
607 1491 831 1579 impedirerel
884 1490 955 1555 Aut
981 1510 1099 1555 omnes
1124 1487 1176 1552 illi
1206 1487 1271 1553 viri
1301 1489 1424 1574 vulgus
1532 1524 1536 1532 ·

355 1596 469 1662 erant?
513 1596 694 1680 Quomodo
708 1594 840 1661 inficiae
851 1593 902 1660 ire
917 1593 1045 1681 poterit
1059 1592 1185 1656 Muiroz
1200 1590 1295 1655 illem
1312 1591 1425 1677 publi·

355 1716 431 1763 cam
444 1699 676 1766 narrationem
690 1703 726 1766 et
747 1696 1096 1786 repraesentationem
1112 1693 1373 1781 Apparitionum
1388 1694 1425 1759 in

354 1798 441 1867 urbe
458 1807 697 1889 argumentum
711 1822 787 1867 esse
809 1800 974 1865 invictum
989 1797 1032 1864 de
1062 1820 1103 1864 eo
1118 1795 1212 1883 quod
1242 1794 1426 1883 Apparitio

355 1924 437 1969 rera
452 1902 497 1971 ab
511 1904 671 1971 omnibus
686 1902 900 1981 credebatur,
926 1906 1031 1987 atque
1045 1898 1125 1967 ideo
1154 1898 1343 1965 venerabili
1358 1904 1427 1965 tra·

355 2003 497 2086 ditione,
513 2013 548 2075 et
558 2006 761 2094 gravissimo
771 2004 994 2072 fundamento
1007 2002 1124 2069 innixa
1136 2001 1180 2069 ab
1193 2001 1355 2069 omnibns
1366 2001 1427 2069 ha-

355 2109 520 2179 bebatur?
564 2111 664 2179 Nihil
693 2111 789 2177 aliud
808 2109 935 2177 addere
957 2131 1096 2177 neeesse
1122 2113 1184 2175 est:
1213 2108 1341 2175 Marion
1366 2130 1426 2177 se-

355 2214 543 2301 metipsum
556 2214 778 2302 impugnavit

399 2333 470 2402 Sed
484 2335 608 2401 asserit
636 2335 764 2401 Murioz
778 2356 816 2401 se
842 2333 992 2420 plurima
1021 2330 1152 2419 scripta
1181 2330 1312 2400 saeculi
1341 2331 1428 2399 XVI

356 2436 482 2526 legisse
497 2438 628 2526 absque
643 2462 685 2509 eo
697 2438 790 2525 quod
801 2437 855 2503 vel
870 2437 1021 2503 litteram
1031 2438 1086 2503 vel
1109 2435 1355 2503 indicationem
1366 2435 1429 2503 ali-

357 2562 462 2625 quam
476 2539 644 2607 inrenerit
658 2540 702 2607 de
716 2538 950 2628 Apparitioue.
987 2538 1056 2605 Sed
1070 2560 1139 2604 non
1154 2538 1249 2625 legit,
1265 2560 1328 2604 uec
1343 2536 1430 2605 vidit

357 2663 447 2727 quae
463 2640 508 2707 ad
529 2662 603 2707 rem
617 2642 772 2707 attinent
805 2640 884 2707 Non
899 2639 982 2727 legit
997 2640 1158 2721 Annales,
1173 2664 1237 2708 nec
1251 2641 1429 2711 Narratio-

358 2764 438 2809 nem
452 2743 668 2811 Merioanam
697 2744 981 2829 antiquissimam,
995 2768 1059 2811 nec
1073 2746 1239 2833 hymnum
1254 2748 1430 2833 Franolsoi

358 2846 502 2927 Placidi,
519 2845 612 2933 quod
622 2852 796 2914 cantatum
808 2846 875 2913 fuit
889 2870 931 2914 eo
942 2850 1017 2935 ipso
1032 2848 1089 2915 die
1105 2870 1175 2935 qno
1190 2850 1297 2917 Sacra
1307 2852 1430 2941 Imago

358 2958 396 3025 in
407 2958 791 3047 primo'l'epeyaquensi
801 2960 932 3047 templo
943 2960 1196 3043 luitoollocata,
1212 2985 1430 3053 uecmappas

358 3061 457 3143 vidit,
473 3084 536 3129 neo
550 3062 790 3148 antiquissima
805 3065 1040 3131 iustrumenta.
1084 3064 1133 3131 At
1147 3087 1217 3132 non
1243 3066 1346 3135 modo
1361 3090 1431 3137 non

360 3165 445 3233 haee
474 3166 568 3254 legit,
597 3188 660 3233 uec
674 3166 770 3245 vidit,
800 3166 1045 3234 verumetiam
1075 3170 1222 3257 contigit
1251 3170 1304 3238 illi
1334 3172 1430 3257 quod

360 3266 450 3333 illud
464 3268 579 3355 ipsum
607 3267 701 3355 quod
730 3268 824 3355 legit,
850 3290 956 3355 prave
982 3267 1162 3350 intellexit,
1179 3294 1228 3339 ex.
1260 3296 1310 3361 gr.
1325 3278 1432 3341 testa-

361 3376 514 3438 mentum
526 3373 681 3440 Joaunae
693 3374 874 3457 Martinae,
887 3382 927 3444 ut
953 3382 1030 3444 aute
1047 3377 1176 3447 dictum
1194 3388 1256 3450 est
1288 3384 1432 3451 Necnon

361 3478 397 3539 et
412 3496 535 3561 parum
550 3476 698 3543 attendit
712 3478 833 3544 odilla
847 3480 978 3567 scripta
992 3480 1028 3547 in
1057 3482 1187 3569 quibus
1202 3484 1246 3553 de
1262 3484 1432 3572 antiquis·

360 3582 461 3651 simis
485 3584 661 3654 historicis
675 3586 891 3656 documentis
907 3591 953 3657 ad
967 3592 1230 3678 Apparitionem
1257 3596 1433 3684 pertinen-

360 3687 455 3754 tibus
485 3692 629 3769 constat,
641 3694 681 3755 ut
709 3690 752 3757 de
768 3690 916 3779 hymnis,
933 3694 1061 3779 quibus
1076 3694 1163 3763 lere
1179 3720 1243 3785 per
1257 3700 1430 3787 integrum

359 3793 537 3861 saeculum
558 3794 741 3883 Apparitio
770 3796 837 3863 fuit
865 3798 1002 3885 publice
1018 3806 1178 3867 enarrata
1208 3808 1287 3870 ante
1303 3806 1429 3885 Merioi

360 3895 628 3964 inundationem.

403 4006 528 4095 Arguit
538 4004 666 4075 Murioz
679 4007 834 4095 hymnos,
847 4014 883 4077 et
895 4032 1048 4098 mappas,
1063 4014 1099 4077 et
1110 4013 1348 4101 manuscripta
1362 4015 1434 4103 pri·

360 4132 417 4177 mo
432 4109 540 4177 fuisse
554 4108 695 4177 laudata
706 4132 796 4178 auno
810 4112 907 4192 1648,
920 4134 1027 4198 eaque
1043 4116 1188 4200 propter
1202 4121 1366 4203 suspecta
1380 4140 1434 4184 es·

360 4235 406 4281 se.
452 4212 579 4281 Parum
608 4212 756 4282 attendit
781 4212 911 4284 Mufioz
937 4214 1057 4284 odilla
1086 4234 1177 4301 quae
1203 4216 1297 4305 legit
1343 4218 1433 4289 Nam

1270 4318 1315 4393 a?
