3625 5217
771 600 836 674 243

263 772 428 847 decennio
444 783 523 867 post
538 801 664 847 annum
681 780 775 859 1622,
791 780 861 867 jam
887 784 1118 847 constructam
1144 774 1252 847 luisse
1267 774 1328 847 dod

264 906 355 951 mum
366 885 465 972 juxta
475 884 744 971 Tepeyaquense
754 884 945 971 Templum,
959 889 998 950 ut
1014 884 1168 967 hospitio
1183 889 1275 953 esset
1290 885 1330 951 fl-

260 988 410 1067 delibus,
423 988 484 1074 qui
496 1010 616 1054 novem
627 986 761 1053 dierum
776 988 992 1054 orationibus
1008 989 1046 1054 Β.
1064 990 1110 1055 Μ.
1124 989 1163 1056 V.
1181 990 1223 1056 de
1237 990 1329 1057 Gua-

265 1092 391 1179 dalupe
406 1090 600 1157 veneraturi
615 1092 871 1158 conveniebant.
889 1092 938 1175 (1)
968 1092 1022 1158 De
1038 1092 1158 1159 eadem
1174 1094 1328 1181 hospita·

265 1196 404 1263 lidomo
419 1196 577 1263 notitiam
593 1196 693 1262 affert
706 1194 744 1261 P.
757 1194 946 1262 Florencia.
966 1198 1012 1280 (2)

307 1318 407 1383 Anno
424 1318 517 1396 1643,
533 1316 585 1383 uti
601 1319 724 1383 asserit
738 1316 927 1396 Florencia,
946 1320 992 1402 (3)
1008 1318 1077 1403 jam
1093 1326 1166 1386 erat
1188 1344 1330 1389 eonsue-

267 1427 339 1487 tnm
353 1420 479 1487 festum
494 1419 717 1507 praecipuum
738 1418 962 1506 hispanorum
978 1422 1014 1487 in
1030 1423 1193 1490 honorem
1210 1426 1249 1491 B.
1281 1426 1328 1491 M.

240 1520 243 1525 ’
267 1526 313 1592 Μ
329 1526 368 1593 V.
386 1525 408 1592 d
444 1523 660 1609 Guadalupe,
675 1522 770 1609 quod
791 1523 836 1588 ab
859 1523 931 1590 illis
947 1525 1186 1593 celebrabatur
1216 1528 1252 1595 in
1268 1529 1331 1597 Tc·

267 1628 478 1717 peyaquensi
489 1626 633 1714 Templo
647 1626 683 1692 in
709 1626 765 1692 die
780 1624 981 1694 Natiuitatis
996 1627 1240 1701 Sanctissimae
1254 1634 1331 1701 Vir·

269 1758 366 1823 grms.

311 1857 509 1923 Ann01643
535 1852 739 1919 Franciscus
768 1851 941 1931 Almaznn,
959 1852 995 1919 in
1022 1856 1210 1941 gratiarum
1226 1862 1332 1929 sotio·

271 1983 357 2040 nem,
373 1983 415 2026 eo
430 1958 524 2045 qnod
537 1958 577 2023 B.
594 1956 642 2022 lli.
657 1956 695 2021 V.
710 1955 753 2021 ds
764 1955 978 2043 Guadalupe,
995 1958 1128 2047 abipso
1144 1968 1179 2029 et
1194 1964 1239 2029 ab
1254 1966 1332 2033 aliis

272 2065 428 2151 plurimis
443 2064 608 2146 invocata,
624 2088 643 2131 e
659 2063 862 2131 ferocissimi
878 2064 969 2131 tauri
984 2067 1120 2133 cornuis
1134 2068 1232 2136 illum
1248 2070 1333 2139 libs-

272 2169 369 2248 ravit,
385 2168 511 2235 festum
520 2192 646 2235 annum
656 2168 918 2255 Guadalupensi
930 2168 1064 2255 Virgini
1080 2170 1228 2253 devovit;
1239 2178 1333 2261 quod

274 2272 391 2340 multis
406 2272 505 2340 annis
520 2271 686 2340 celebrari
701 2271 834 2336 curavit
848 2271 884 2336 in
900 2271 1160 2359 Tspeyaquensi
1183 2276 1336 2365 Templo;

273 2378 396 2443 deinde
411 2378 485 2444 suis
500 2374 697 2462 sumptibus
712 2374 819 2440 altare
847 2376 1037 2443 construxit
1053 2382 1086 2443 iu
1116 2380 1279 2448 honorem
1296 2384 1335 2451 B.

273 2482 318 2547 Μ.
335 2482 373 2547 V.
389 2478 432 2544 de
447 2477 652 2563 Guadalupe
668 2475 704 2540 in
720 2474 862 2561 Templo
886 2474 1004 2542 Sancti
1030 2478 1054 2544 J
1056 2480 1177 2567 ossphi
1192 2481 1235 2549 de
1253 2484 1337 2551 Gra·

274 2586 326 2650 cia
339 2584 376 2649 in
390 2583 476 2649 urbe
498 2580 632 2658 Marici,
649 2578 770 2664 quoin
797 2577 904 2644 altare
920 2578 1102 2666 imaginem
1119 2584 1158 2649 B.
1178 2584 1219 2651 ll.
1237 2587 1276 2654 V.
1294 2588 1336 2654 dc

274 2690 488 2779 Guadalupc,
503 2691 601 2776 juxta
612 2686 823 2773 originalem,
840 2684 1030 2764 collocarit,
1047 2694 1149 2775 atque
1165 2691 1201 2758 iu
1217 2692 1335 2761 eodem

274 2795 416 2883 Templo
443 2795 554 2881 ipsius
584 2814 666 2858 cura
696 2790 933 2856 continuatum
964 2789 1029 2857 luit
1058 2792 1184 2861 festum
1200 2818 1336 2875 annum,

276 2898 370 2987 quod
379 2899 419 2964 B.
431 2898 478 2963 M.
491 2898 530 2963 V.
539 2896 583 2961 de
595 2893 801 2980 Guadalupe
812 2891 1004 2960 devoverat
1018 2895 1268 2966 Celebrabatur
1279 2902 1339 2967 atl-

276 3006 343 3071 hnc
369 3003 435 3070 hoc
460 3004 586 3069 festum
612 3000 751 3088 quando
775 3023 863 3089 opus
883 3001 920 3066 P.
953 3002 1135 3070 Florencia
1161 3028 1264 3093 saepe
1281 3008 1336 3075 cit.

276 3117 345 3197 typ.
373 3106 568 3175 mandatum
595 3105 669 3186 fnit
693 3107 739 3185 (4)
786 3103 887 3188 Quod
907 3105 1105 3173 factumest
1135 3132 1225 3175 anno
1243 3112 1337 3189 1688,

276 3214 327 3280 uti
343 3217 487 3300 apparet
501 3232 542 3275 ex
557 3209 696 3294 Prolopo
711 3209 756 3274 ad
770 3209 919 3273 lectorem.

318 3318 373 3384 Ab
389 3339 478 3382 anuo
507 3315 592 3381 1643
623 3313 690 3391 (vel
716 3313 882 3399 proxime)
914 3312 1083 3399 usquead
1113 3336 1238 3382 annum
1257 3320 1339 3386 1653

277 3422 566 3509 Archiepiseopus
580 3418 697 3483 extitit
712 3416 913 3481 Menioauus
936 3415 1044 3481 Rmus
1060 3416 1101 3483 D.
1129 3417 1153 3482 J
1154 3440 1282 3486 oannes
1298 3422 1339 3489 de

278 3526 450 3606 Menonca,
466 3529 526 3614 qui
541 3528 728 3615 plurimum
744 3527 910 3613 pecuniae
939 3528 1107 3615 impendit
1123 3528 1158 3595 in
1187 3531 1341 3619 Tepsyn·

277 3654 405 3718 quense
419 3632 563 3719 Templo
578 3630 755 3717 magnifice
778 3630 983 3696 exornando:
999 3654 1040 3697 eo
1067 3638 1221 3719 tempora
1238 3635 1341 3723 insig-

278 3736 371 3802 nium
386 3734 512 3803 veteris
527 3733 724 3800 testamenti
735 3732 970 3813 foeminarum,
983 3734 1243 3803 Immaculatam
1260 3738 1341 3805 Vir—

278 3842 367 3929 ginis
396 3838 662 3925 Oonceptionem
677 3835 821 3923 mystice
844 3838 1168 3923 praenuntiantium,
1192 3842 1342 3927 optimae

321 4092 363 4169 (ι)
407 4089 519 4153 Disert.
535 4108 606 4167 sepe
621 4088 673 4149 cit.
691 4108 778 4148 uum.
795 4092 841 4147 26.

322 4191 366 4267 (2)
383 4189 512 4251 Estrella
525 4190 575 4249 del
591 4190 690 4248 Norte
705 4189 743 4247 de
759 4186 888 4259 Mexico,
903 4206 969 4265 cap.
986 4204 1034 4263 32,
1051 4206 1137 4247 num.
1154 4205 1221 4265 347.

323 4291 366 4367 (3)
409 4290 454 4349 lb.
471 4308 537 4367 cap.
554 4308 602 4361 21,
618 4306 705 4347 num.
724 4308 794 4362 244.

321 4390 366 4470 (4)
407 4388 574 4469 Floreucia,
589 4387 630 4453 ib.
645 4390 729 4453 naim.
749 4410 807 4470 ²44
822 4401 928 4471 etseq.
