3625 5217
781 596 846 678 181

285 792 398 871 gum
414 785 450 849 et
478 778 746 867 Philosophiam,
761 785 797 848 et
821 780 1031 849 canonicum
1057 780 1129 850 Jus
1153 780 1244 851 Exul
1270 798 1346 851 cum

285 890 390 958 sociis
403 888 556 957 Patriam
566 889 709 977 reliquit
723 912 812 956 anno
834 891 926 958 1667.
953 891 998 977 (1)
1022 890 1116 958 Huic
1132 889 1306 979 pertinent

222 995 226 1002 ’
327 992 477 1061 Historia
490 993 529 1060 de
542 994 576 1059 lc
593 992 772 1080 compassa
785 994 823 1061 de
847 996 940 1061 Jecur
965 1018 1002 1061 ca
1019 994 1061 1061 N.
1090 994 1235 1082 Espcaa.
1280 994 1345 1061 Ms

285 1098 536 1165 asservabatur:
551 1102 622 1185 typ.
638 1096 740 1165 edita.
770 1097 837 1166 init
851 1120 943 1166 anno
973 1098 1066 1165 1841.
1106 1099 1148 1165 In
1162 1098 1228 1165 hoc
1243 1119 1347 1186 opere

283 1199 342 1267 lib.
358 1201 410 1281 10,
425 1200 471 1267 ad
484 1222 611 1267 annum
622 1200 707 1269 1737
721 1200 765 1268 de
780 1202 974 1269 miraculosa
984 1197 1139 1291 Imagine
1151 1201 1194 1269 dc
1208 1200 1346 1269 Gusdu·

285 1302 366 1391 lupe
377 1302 532 1391 loquitar
541 1326 620 1370 cum
631 1302 675 1371 dc
687 1303 859 1391 epidemia
870 1310 951 1373 tunc
963 1310 1132 1393 grassante,
1148 1307 1185 1372 et
1198 1302 1241 1371 de
1254 1302 1350 1373 Gua-

284 1406 807 1494 dalapsnsitractstPstrcnatn
824 1408 912 1476 Prse
930 1408 1040 1477 oculis
1051 1408 1164 1476 habeo
1173 1407 1345 1497 hocopus

326 1509 492 1598 Ejusdem
505 1511 620 1599 operis
633 1510 692 1578 lib.
708 1511 736 1577 1.
755 1510 816 1577 ubi
831 1510 874 1578 de
883 1510 1040 1579 Ecclesia
1051 1510 1241 1601 Collegiata
1255 1512 1348 1580 Gua-

284 1612 475 1701 dalupsnsi,
495 1614 619 1681 asserit
647 1614 888 1682 miraculosam
901 1614 1164 1703 Apparitionem
1192 1616 1229 1682 B.
1245 1614 1293 1684 11
1308 1614 1348 1685 V.

286 1716 329 1784 ds
344 1716 560 1805 Gusdalnps.
592 1716 739 1805 Scripsit
753 1718 858 1785 etiam

328 1823 495 2014 Liraccppt
521 1824 665 1911 pecrpica
692 1825 730 1893 in
751 1826 791 1892 B.
814 1824 947 1894 Mariae
978 1824 1248 1914 Gundclupcnac
1278 1824 1348 1893 slo-

286 1928 426 2019 cum<

328 2103 377 2169 7st
400 2101 503 2170 Morti
516 2100 572 2168 Fr.
585 2102 737 2171 Jcannes
762 2102 986 2191 Augustinus,
1014 2101 1256 2182 franciscanus,
1272 2122 1348 2169 ora·

284 2204 348 2271 dor
360 2204 515 2293 insignis,
542 2204 602 2291 qui
616 2206 720 2273 ctiam
745 2205 970 2293 Theologiam
985 2206 1112 2286 docuit,
1138 2206 1184 2293 (3)
1208 2204 1349 2295 scripsit

327 2308 379 2373 La
393 2308 568 2395 capuridcd
577 2310 627 2375 dcl
635 2309 825 2376 Patrocimc
833 2308 871 2375 de
883 2309 998 2377 Maria
1010 2307 1192 2377 samsima
1202 2308 1240 2376 ds
1260 2308 1348 2379 Gua-

284 2412 407 2498 dalcpe.
451 2410 537 2502 Typ.
553 2411 633 2479 edit
651 2434 740 2479 anno
755 2411 849 2483 1772.
874 2412 921 2499 (4)

328 2584 378 2652 77.
402 2583 582 2652 Grensdos
597 2584 714 2651 Rmus.
732 2584 786 2651 Fr.
799 2586 824 2653 J
824 2585 942 2673 cseph,
956 2583 1097 2653 Ordinis
1112 2582 1230 2651 Sancti
1241 2582 1348 2651 Fran·

286 2685 377 2766 uisci,
391 2686 587 2775 Episcopus
602 2687 935 2756 Dioecesecedictae
951 2688 1127 2776 Durango,
1145 2687 1191 2772 (5)
1208 2686 1349 2774 scripsit

333 2791 460 2857 Tarda
471 2793 699 2859 americcnna:
712 2792 875 2860 Gotierno
888 2792 998 2879 pontit
1012 2814 1034 2879 y
1046 2790 1192 2859 cutcticc:
1209 2792 1350 2861 Noticic

285 2893 325 2961 da
338 2896 418 2962 toda
446 2897 483 2962 lc
507 2896 655 2965 historic
686 2896 856 2963 indicna.
905 2896 991 2985 Typ.
1019 2895 1071 2963 ed.
1101 2894 1229 2963 Mcxici
1258 2916 1349 2963 anuo

287 3002 378 3069 1778.
403 3001 450 3087 (6)
476 3002 520 3068 In
534 3002 602 3069 hoc
617 3023 721 3090 opere
737 3023 880 3088 express
895 2999 1052 3087 loquitur
1078 2996 1208 3085 (Turde
1233 2998 1289 3082 17)
1304 2998 1349 3067 ds

284 3103 545 3194 Guadalnpensi
559 3103 795 3193 Apparitione.
834 3105 912 3171 Hoc
928 3124 1025 3191 opus,
1042 3102 1136 3189 quod
1161 3102 1349 3169 etiamiau-

284 3205 385 3275 datur
413 3208 458 3275 ab
503 3208 710 3288 auctoribus,
732 3212 781 3294 (7)
813 3230 896 3297 prae
922 3204 1031 3273 oculis
1071 3205 1194 3286 habeo;
1220 3204 1283 3273 sed
1312 3204 1350 3273 in

284 3310 473 3399 exemplari
484 3312 578 3398 quod
588 3310 698 3393 video,
710 3314 856 3380 aliorum
867 3310 1010 3390 incuria,
1021 3306 1124 3376 inlice
1137 3309 1278 3377 ultimae
1290 3307 1351 3377 de·

283 3413 410 3494 ficiunt,
425 3414 462 3481 in
476 3415 605 3502 quibus
619 3415 662 3484 dc
688 3418 725 3484 B.
742 3417 780 3484 V.
796 3416 839 3482 ds
869 3413 1072 3501 Guadsiupe
1098 3435 1211 3481 sermo
1233 3434 1351 3502 prose·

284 3520 413 3673 quitur?
426 3542 544 3587 verum
558 3521 596 3588 in
611 3545 653 3589 ec
668 3522 763 3610 quod
784 3520 945 3587 illaesum
966 3520 1145 3605 permanet
1165 3513 1350 3603 Apparitic

285 3628 393 3673 assera
410 3628 459 3673 ur.

325 3780 370 3859 (ι)
392 3780 549 3857 Beristaic,
565 3780 688 3843 Bibliot.
702 3792 755 3843 art
772 3780 882 3857 Alegre
897 3780 931 3839 P.
953 3779 987 3838 P.
1004 3774 1164 3837 Francisco
1178 3771 1295 3837 stier.

325 3881 369 3961 (ι)
392 3880 546 3955 Beristain,
562 3880 682 3943 Bibliot.
698 3892 750 3941 art
764 3881 873 3957 Alegre
887 3880 920 3938 P.
938 3876 1098 3937 Francisco
1115 3874 1233 3935 stier.

324 3980 368 4056 (3)
392 3979 550 4053 Beristain‚
568 3979 680 4041 Bibliot
693 3992 747 4041 art.
764 3978 854 4039 Morti
868 3978 917 4038 Fr.
934 3978 1014 4053 Jusn
1030 3972 1171 4053 Agustin.

325 4082 370 4161 (4)
392 4081 547 4156 Beristain,
564 4080 685 4141 Bibliot.
700 4092 753 4141 art.
771 4078 861 4139 Morti
877 4078 922 4137 Fr.
948 4078 1028 4153 Juan
1050 4072 1186 4151 Agustin.

325 4181 369 4259 (5)
392 4180 547 4255 Beristain,
571 4179 690 4240 Bibliot.
707 4190 761 4238 art.
777 4180 820 4238 Gr
833 4176 949 4237 snadcs
965 4176 1065 4234 Iilmo.
1088 4174 1124 4231 D.
1145 4172 1191 4230 Fr.
1206 4168 1289 4248 Jose.

325 4279 370 4358 (6)
400 4277 557 4355 Beristain,
570 4278 693 4339 Bibliot.
707 4288 761 4337 art
773 4276 932 4337 Granadcs
945 4275 1042 4334 Illmo.
1059 4272 1094 4331 D.
1111 4272 1158 4330 Fr.
1171 4270 1251 4347 Juau
1266 4267 1347 4345 Jcst.

324 4376 369 4459 (7)
389 4380 427 4441 V.
440 4376 548 4441 Guridi
561 4378 696 4453 Alccser,
712 4377 839 4455 Apolog.
853 4376 892 4437 de
905 4375 936 4434 la
949 4368 1112 4451 Apuricicu
1126 4380 1185 4431 etc.
1199 4386 1226 4427 c.
1245 4365 1348 4445 ¹11¹·
