3625 5217
816 548 882 613 239

318 718 499 804 petitionis
527 720 673 786 historia
701 726 839 784 cauata
867 718 934 784 fuit
974 740 1064 781 anno
1092 716 1188 790 1634,
1215 736 1292 779 oum
1318 714 1382 778 Ar·

318 821 555 911 ehiepiacopus
570 824 644 910 ipse
659 823 872 898 Mexieanna,
896 844 973 887 eum
990 819 1152 907 Capitnlo
1177 816 1382 903 Metropoli-

319 932 409 1003 tano,
423 932 460 991 et
474 928 634 992 universo
647 927 750 992 Clero
777 927 922 993 seculari
939 932 974 993 et
998 924 1157 1012 regulari,
1188 926 1223 987 et
1238 919 1380 985 Conlra·

317 1029 545 1109 ternitatibus,
561 1040 596 1097 et
611 1030 770 1096 civilibus
785 1028 1059 1117 Magistratibus,
1075 1024 1221 1091 solemni
1243 1044 1376 1109 prooes-

318 1127 412 1193 sione
427 1129 566 1197 Sacram
596 1131 786 1219 Imaginem
800 1131 844 1197 da
870 1130 1076 1217 Guadalupe
1106 1128 1149 1193 de
1180 1124 1380 1193 Cathedrali

319 1234 471 1301 Maricea
482 1238 617 1304 reduxit
628 1239 835 1325 Tepeyaeac.
857 1236 1041 1323 Apparitio
1053 1234 1092 1298 l'.
1107 1232 1156 1297 M.
1174 1232 1213 1295 l'.
1227 1230 1271 1296 de
1288 1228 1381 1294 Gua-

318 1340 443 1429 ‹lalupe
459 1344 503 1409 ad
534 1345 610 1431 ejus
624 1346 805 1433 Templum
833 1348 939 1413 etiam
969 1345 1134 1433 deinceps
1150 1350 1287 1410 canate
1303 1344 1383 1419 fuit,

319 1445 410 1529 quod
424 1446 552 1513 facturn
567 1449 674 1515 luisse
689 1473 780 1515 anno
795 1452 889 1527 1788,
905 1449 1030 1515 asserit
1054 1448 1271 1515 Bartolache.
1289 1448 1335 1531 (ll

358 1549 458 1614 Anno
473 1552 557 1617 1629
572 1552 616 1617 ad
631 1552 782 1619 divinam
798 1554 1013 1619 clementiam
1024 1550 1285 1639 implorandam,
1302 1570 1381 1615 eau-

317 1674 354 1715 sa
369 1654 504 1720 subitae
518 1680 684 1742 aquarum
701 1656 937 1722 inundationis
952 1656 988 1721 iu
1011 1656 1095 1721 urbe
1111 1654 1247 1731 Mexici,
1264 1654 1379 1719 Autis-

318 1760 370 1819 tes
383 1756 583 1824 Mexiianus
597 1760 849 1826 solemnissima
871 1760 1099 1846 processione,
1127 1780 1233 1843 saper
1260 1780 1378 1842 aquas,

318 1880 405 1941 quae
420 1861 541 1927 urbem
564 1864 797 1949 finitimosque
823 1886 963 1950 campos
989 1862 1248 1937 inundaverant,
1271 1859 1380 1925 omni·

318 1960 383 2026 bus
397 1966 647 2051 navigantibus,
663 1968 708 2033 ad
723 1968 843 2033 arbem
854 1991 873 2035 e
884 1966 1147 2053 Tepeyaquensi
1159 1963 1303 2050 Templo
1318 1962 1380 2029 Sa·

318 2086 407 2129 cram
420 2067 459 2131 B.
473 2069 519 2133 ll
536 2070 576 2135 Υ.
589 2070 632 2135 de
662 2072 867 2158 Guadalupe
882 2071 1072 2157 Imaginem
1093 2067 1245 2135 deduxit
1281 2066 1380 2131 Tem·

318 2166 412 2251 plum
421 2170 567 2239 Sanctae
582 2174 789 2241 catharinae
805 2176 903 2262 prius
918 2174 1073 2261 ingressi,
1101 2171 1229 2237 ibidem
1252 2168 1380 2235 coeles-

318 2280 386 2337 tem
397 2296 499 2358 quam
516 2278 701 2361 portabant
716 2278 886 2365 Deiparae
899 2277 1088 2363 Imaginem
1106 2274 1283 2361 magnifice
1299 2282 1380 2339 suut

318 2380 477 2456 venerati,
489 2386 526 2445 et
536 2382 755 2467 processione
767 2388 1006 2469 prosequente,
1019 2380 1116 2467 prius
1130 2378 1166 2443 in
1181 2376 1380 2463 Archiepis-

318 2482 428 2567 copali
443 2482 615 2563 Oratorio,
630 2509 671 2550 ae
685 2485 810 2551 deinde
824 2486 861 2550 in
886 2484 998 2551 Alteri
1028 2482 1153 2568 Maiori
1176 2480 1379 2566 Metropoli-

318 2592 417 2651 tanae
431 2586 617 2659 Ecclesiae.
642 2590 678 2655 iu
693 2590 770 2655 loco
784 2589 921 2655 Sanctis
950 2586 1111 2653 Patronis
1140 2584 1323 2662 destinato,
1340 2583 1370 2647 B

318 2688 362 2753 M.
379 2688 418 2756 Υ.
433 2690 476 2756 de
489 2690 694 2779 Guadalupe
709 2694 830 2777 Imago
844 2690 911 2757 fuit
927 2688 1101 2757 mllocata
1118 2690 1160 2769 (2)

359 2795 591 2862 Derotissima
604 2805 638 2863 et
664 2798 811 2864 solemni
840 2820 960 2863 norem
977 2798 1110 2863 dierum
1137 2796 1378 2883 deprecatione

317 2902 350 2962 in
365 2900 423 2965 Me
439 2900 635 2987 ropolitana
643 2902 808 2977 Ecclesia,
820 2900 856 2966 iu
868 2923 933 2966 sua
944 2900 1098 2986 Imagine
1111 2901 1154 2967 de
1168 2900 1382 2984 Gualalupe

318 3002 421 3089 Virgo
436 3004 574 3091 piisima
588 3003 654 3069 fuit
670 3010 839 3081 venerata;
867 3010 982 3090 atque,
1013 3005 1188 3071 rarissimo
1212 3002 1378 3089 exemplo,

315 3108 418 3172 etiam
447 3108 513 3172 luit
537 3130 746 3181 concessum.
774 3108 1107 3187 tam‘Portionsriis,
1133 3130 1236 3193 quam
1270 3105 1378 3172 Semi·

315 3209 536 3297 portionariis
550 3210 662 3297 ipsius
683 3212 857 3277 Ecclesiae
872 3213 1171 3300 Metropolitanus,
1185 3218 1257 3275 tum
1273 3208 1376 3274 etiam

316 3314 486 3401 religiosis
501 3313 651 3391 familiis,
668 3316 794 3380 lienici
806 3324 888 3381 tuuc
899 3316 1137 3392 existentibus,
1156 3314 1299 3380 Missam
1325 3334 1380 3377 ee·

314 3418 447 3483 lebrare
462 3418 498 3482 iu
510 3418 621 3505 ipsius
635 3418 917 3504 Metropolitanae
942 3418 1117 3485 Ecclesiae
1130 3416 1256 3503 Majori
1282 3416 1378 3481 Alta·

316 3522 355 3596 ri,
371 3522 431 3587 ubi
447 3522 553 3588 Sacra
581 3522 701 3609 Imago
715 3524 976 3588 eratcolloeata
1001 3526 1047 3604 (3)
1070 3522 1171 3605 Quod
1187 3544 1263 3587 cum
1290 3542 1377 3606 pene

313 3625 361 3692 sit
389 3626 581 3691 inauditum
611 3626 647 3691 iu
676 3626 829 3712 antiquis
856 3628 1048 3693 mexicanae
1078 3626 1228 3693 nationis
1253 3624 1381 3691 Cathe-

356 3908 367 3974 t
375 3914 401 3978 ι)
445 3910 545 3967 l'erba
559 3910 626 3985 ejus
637 3914 672 3969 V.
686 3911 770 3988 apud
782 3910 907 3971 Tomel.
924 3910 969 3967 La
981 3908 1144 3985 Aparicrba
1155 3910 1190 3967 de
1205 3910 1294 3966 Atra.
1308 3908 1376 3965 Sm.

315 4006 349 4062 dt
365 4007 552 4085 Guadalupe,
568 4019 641 4067 tom.
662 4030 686 4081 1,
702 4029 768 4089 cap.
784 4012 813 4077 8,
830 4028 917 4065 num.
945 4010 1007 4065 126.

357 4112 403 4181 (2)
445 4108 587 4177 cabrera,
619 4110 740 4168 Escudo
754 4109 794 4168 de
809 4112 918 4166 Armes
932 4108 971 4166 de
998 4106 1128 4172 llexico.
1154 4107 1206 4165 lib.
1226 4126 1252 4177 2,
1267 4123 1332 4181 cap.
1349 4124 1377 4180 4,

316 4223 402 4269 num.
420 4226 477 4281 ²73
493 4218 524 4267 et
539 4207 617 4267 libro
632 4228 661 4283 3,
676 4226 741 4287 cap.
763 4210 809 4279 18,
824 4226 913 4266 uum.
932 4224 998 4282 713.

360 4313 406 4395 (ὅ)
448 4314 592 4387 Cabrera,
607 4315 659 4388 ib.,
674 4316 726 4377 lib.
743 4335 772 4397 3,
786 4334 853 4395 cap.
871 4316 918 4387 18,
934 4332 1021 4373 num.
1041 4332 1106 4394 7¹3·
