3625 5217
910 616 978 687 288

427 790 516 871 sm).
547 808 590 857 ex
611 786 832 857 substantivo
860 790 964 857 rualli
994 792 1139 875 (mater),
1169 790 1296 863 amissa
1324 794 1421 864 finali
1447 796 1492 879 lli,

428 897 466 963 et
479 912 522 961 ex
535 896 619 959 nota
632 892 844 960 reverentiae
858 893 915 961 vel
929 894 1055 963 amoris
1069 894 1138 961 trin
1176 896 1254 965 Hoc
1269 922 1350 987 ergo
1365 922 1490 969 nomen

420 999 506 1071 deas
521 998 602 1069 illue
616 998 684 1067 luit
697 996 919 1087 applicatum,
950 999 1012 1066 sed
1027 1022 1096 1066 non
1111 1000 1179 1068 luit
1208 1006 1320 1090 prims
1334 1004 1410 1091 ejus
1425 1004 1491 1073 im·

421 1102 549 1193 positio
564 1101 665 1170 deam
679 1100 891 1190 praedictam
914 1100 1120 1187 significare3
1135 1104 1208 1185 sed,
1224 1110 1266 1173 ut
1279 1106 1411 1173 dictum
1425 1112 1488 1188 est,

421 1204 593 1295 significat
606 1209 751 1272 matrem
768 1202 931 1271 dilectam
945 1202 1000 1269 vel
1015 1203 1144 1271 honore
1175 1205 1341 1275 habitam.
1385 1208 1489 1277 Unde

421 1308 728 1399 pstethocnomen
737 1306 953 1374 mexicanum
969 1308 1149 1377 Terrestris
1158 1316 1250 1379 recte
1260 1310 1331 1377 dici
1341 1310 1383 1379 de
1391 1312 1429 1379 Β.
1442 1312 1490 1379 M.

421 1411 461 1483 V.
476 1432 580 1501 quam
593 1414 635 1477 ut
648 1408 840 1497 piissimam
863 1409 1013 1477 Matrem
1028 1431 1144 1485 amore
1156 1416 1191 1479 et
1206 1413 1398 1481 reverentia
1413 1436 1491 1503 pro·

422 1515 608 1605 sequimur.
652 1512 703 1581 3.⁰
747 1510 785 1579 P.
800 1512 964 1599 Sahsgun
979 1513 1145 1581 historiae
1161 1521 1301 1583 nostrae
1317 1516 1386 1584 luit
1400 1517 1490 1605 peri·

422 1618 588 1689 tissimum:
603 1617 650 1704 (1)
667 1621 704 1683 at
724 1619 775 1682 vir
790 1616 1053 1697 eruditissimus,
1072 1618 1135 1703 qui
1161 1618 1333 1687 Mericum
1350 1620 1491 1688 advenit

423 1746 513 1794 anuo
536 1723 632 1805 1529,
659 1720 823 1811 quicum
853 1721 976 1808 primis
1006 1721 1236 1791 missionariis
1266 1730 1489 1791 conversatus

422 1835 485 1910 est,
513 1827 575 1917 qui
603 1849 660 1895 res
685 1830 823 1895 nostras
843 1825 1108 1914 diligentissime
1133 1825 1326 1913 inquisivit,
1343 1830 1490 1897 nullate·

422 1954 489 2001 nus
501 1932 617 2000 dicere
639 1928 812 2019 potuisset
826 1951 896 1995 non
917 1933 1011 1995 certo
1028 1934 1185 1997 constare
1198 1922 1289 1997 unde
1306 1936 1384 1999 orta
1398 1936 1490 1999 esset

421 2033 692 2125 guadalupensis
716 2031 874 2099 fundatio
889 2054 997 2119 prope
1020 2031 1148 2099 Marici
1177 2032 1308 2099 urbem.
1354 2033 1443 2101 Nam
1459 2034 1491 2100 si

423 2137 582 2209 luudetio
592 2136 681 2204 nihil
696 2156 874 2203 commune
890 2135 1036 2201 haberet
1051 2157 1127 2202 cum
1143 2135 1370 2223 Apparitione
1386 2138 1425 2203 B.
1442 2137 1492 2203 M.

423 2242 462 2313 V.
479 2240 523 2310 de
535 2240 751 2328 (luadslupa
761 2237 967 2306 incredibile
979 2243 1072 2305 esset
1083 2237 1186 2305 talem
1199 2239 1310 2306 virum
1324 2240 1399 2327 ejus
1414 2264 1493 2309 cau·

423 2368 498 2416 sam
512 2343 735 2433 ignoravisse:
749 2343 781 2409 si
791 2341 949 2408 fundatio
958 2341 1049 2408 iacta
1061 2340 1127 2408 luit
1138 2348 1281 2430 propter
1291 2343 1492 2432 Apparitio·

423 2470 513 2530 nem,
521 2448 561 2516 R
572 2448 620 2515 M.
630 2446 794 2535 Virginis,
804 2446 877 2513 sive
888 2449 926 2512 ut
938 2451 1075 2526 certam,
1087 2444 1158 2513 sire
1171 2451 1211 2512 ut
1222 2446 1355 2527 falsam,
1368 2446 1440 2515 sire
1452 2453 1492 2516 ut

423 2552 567 2621 dubiam
580 2551 677 2621 illam
692 2550 873 2619 habuisset
883 2549 921 2618 P.
933 2549 1106 2637 Sahagun,
1120 2548 1251 2636 absque
1264 2549 1372 2617 dubio
1387 2550 1493 2617 dixis·

423 2665 478 2731 set
492 2661 588 2731 illam
602 2661 839 2731 laudationem
854 2667 966 2729 ortam
981 2662 1089 2731 inissa
1105 2685 1146 2729 ex
1158 2662 1383 2750 apparitione
1399 2686 1490 2745 vera,

422 2765 479 2834 rel
492 2788 535 2834 ex
561 2764 790 2854 Appsritione
804 2764 901 2845 ialsa,
918 2765 973 2832 vel
998 2788 1040 2831 ex
1054 2765 1283 2852 Appsritione
1300 2766 1419 2849 dubis;
1434 2768 1489 2835 rel

422 2870 567 2939 dixisset
579 2892 642 2935 sem
664 2876 748 2936 certo
768 2875 910 2935 mactare
923 2868 962 2935 de
977 2870 1107 2937 vadare
1122 2872 1208 2937 illisa
1223 2892 1337 2937 ocuaca
1357 2879 1491 2959 prepter

423 2972 782 3063 quomfsadotiofocto
797 2980 854 3039 est:
869 2972 1019 3041 alienum
1035 2980 1150 3043 autem
1165 2980 1258 3043 esset
1274 2998 1294 3041 a
1321 2974 1395 3043 viro
1410 2976 1491 3044 doo-

424 3083 462 3146 to
475 3075 590 3145 dicere
604 3097 674 3143 non
687 3080 844 3143 constare
864 3075 908 3143 de
924 3098 1037 3157 causa,
1054 3100 1130 3144 cum
1146 3077 1220 3164 ejus
1235 3078 1383 3147 intentio
1398 3081 1492 3147 esset

423 3182 539 3252 dicere
553 3202 623 3248 non
637 3185 795 3247 constare
810 3180 853 3247 de
868 3181 1039 3266 qualitate
1055 3204 1191 3249 causae.

466 3284 518 3355 Ut
531 3286 619 3353 haec
632 3282 768 3372 plenius
793 3282 1032 3371 intelligantur
1061 3284 1237 3353 sciendum
1265 3290 1320 3353 est
1334 3308 1422 3372 opus
1453 3284 1492 3353 P.

423 3392 598 3479 Sahagun,
614 3390 658 3458 de
673 3412 743 3479 quo
757 3390 948 3477 hioagitur,
964 3390 1236 3479 manuscriptum
1252 3392 1395 3459 missum
1410 3391 1494 3461 luis·

423 3515 462 3565 se
476 3495 514 3563 in
527 3494 744 3583 Hispaniam.
760 3493 881 3580 Neque
905 3492 953 3559 ibi
970 3494 1068 3559 facile
1088 3494 1347 3577 inveniebatur3.
1371 3496 1432 3563 sed
1447 3496 1490 3563 D.

422 3600 577 3671 «loannes
588 3597 751 3687 Baptista
761 3597 898 3677 Marion,
916 3620 992 3663 cum
1005 3598 1198 3666 Historiam
1213 3601 1409 3687 generalem
1434 3600 1493 3667 In·

424 3703 559 3773 diarum
585 3707 678 3771 esset
705 3701 908 3789 scripturus,
939 3708 975 3769 et
1005 3702 1113 3769 libros
1142 3726 1389 3792 quoscumque,
1406 3726 1494 3791 quos

425 3806 620 3877 consuleret
634 3804 827 3893 inquiriret‚
844 3810 1029 3893 postquam
1045 3804 1173 3873 frustra
1194 3808 1390 3893 quaesierat
1405 3828 1493 3895 opus

423 3911 462 3981 P.
475 3910 649 3997 Sahagun,
665 3908 778 3975 sciens
804 3907 892 3974 illud
921 3910 1191 3999 manuscriptum
1215 3908 1384 3977 asservari
1400 3909 1493 3998 apud

425 4014 657 4082 hanciscauos
671 4013 715 4081 de
743 4014 866 4092 Tolosa,
878 4012 973 4099 Rege
997 4012 1256 4094 interveniente,
1281 4012 1494 4100 praedictum

425 4139 514 4207 opus
528 4115 691 4195 obtinuit;
702 4115 796 4202 quod
809 4120 1052 4205 transcriptum
1063 4116 1129 4184 luit
1139 4116 1330 4205 diligenter.
1348 4117 1439 4184 Hinc
1451 4116 1494 4185 ad

421 4242 485 4289 nos
495 4219 634 4290 devenit
642 4243 732 4310 opus
746 4220 786 4287 P.
805 4221 977 4308 Sahagun,
991 4226 1025 4287 et
1052 4220 1258 4309 Merioityp.
1292 4218 1410 4288 datum
1426 4220 1495 4295 luit

456 4395 502 4486 (r)
545 4394 694 4461 Beriarain
709 4394 844 4469 Bibliot,
859 4404 917 4459 art.
936 4394 1077 4475 sahagun
1092 4394 1139 4457 Fr.
1157 4394 1364 4457 Bernardino
