3625 5217
979 596 1043 667 258

475 762 608 835 dierum
632 768 815 837 celebritas
830 771 880 838 ita
908 771 975 838 fuit
990 772 1187 851 distributa,
1214 778 1253 839 ut
1278 778 1313 840 et
1343 772 1542 862 Capitulum

474 870 791 958 Metropolitanum,
805 872 893 941 Sede
910 876 1070 953 Vacante,
1095 880 1129 943 et
1148 877 1216 941 Pro
1232 876 1305 943 Rex
1333 878 1542 959 mexicanos,

474 986 509 1045 et
524 980 646 1048 Clerus
661 983 857 1063 saecularia,
874 989 909 1050 et
932 984 1056 1051 Sacrae
1073 983 1284 1068 Religionee,
1314 987 1350 1047 et
1365 982 1542 1048 Univerei·

474 1089 528 1149 tas
544 1085 728 1164 mexicana,
752 1094 787 1152 et
810 1087 1010 1175 Capitulum
1027 1086 1188 1153 Civitatis
1212 1108 1275 1173 pro
1291 1086 1369 1171 ipsa
1384 1084 1542 1161 Ciuitate,

475 1195 509 1256 et
524 1190 672 1277 Regium
694 1193 914 1259 Auditorium
928 1191 1154 1269 Mexicanum‚
1169 1194 1272 1275 atque
1290 1188 1349 1254 alii
1366 1210 1479 1253 rerum
1496 1188 1543 1253 ci·

475 1293 591 1359 vilium
608 1318 723 1360 curam
739 1297 914 1383 publicam
930 1299 1089 1383 gerentes
1104 1292 1343 1379 Magistratus,
1368 1291 1404 1357 in
1419 1291 1543 1358 diebus

474 1397 562 1482 ipsis
577 1399 733 1465 ordinate
749 1399 943 1485 assignatis.
962 1399 992 1463 B
1013 1398 1059 1464 M.
1074 1399 1112 1464 V.
1130 1398 1172 1463 de
1186 1395 1389 1482 Cuadalupe
1406 1417 1441 1460 1u
1453 1418 1543 1461 novo

475 1500 619 1587 Templo
635 1503 764 1568 cultum
781 1508 948 1568 curarent.
984 1506 1030 1587 (1)

521 1603 738 1690 Magnificum
769 1605 872 1669 simul
904 1611 1009 1690 atque
1037 1603 1247 1671 ditissimum
1276 1602 1341 1667 hoo
1367 1602 1545 1669 Guadalu·

476 1730 581 1794 pense
597 1708 790 1794 Templum,
809 1712 856 1773 ita
867 1714 906 1773 ut
923 1708 957 1772 in
975 1730 1016 1773 eo
1033 1706 1246 1773 aedificando
1260 1706 1444 1792 plusquam
1460 1727 1544 1792 qua-

476 1821 555 1877 tuor
577 1819 713 1878 centum
738 1812 1134 1899 septuagintaquinque
1160 1811 1253 1877 mille
1266 1810 1398 1875 nummi
1425 1832 1545 1896 argen-

477 1918 523 1981 tei
541 1921 627 1999 (mas
642 1916 685 1981 de
699 1916 952 1983 cuatrocientos
965 1922 1134 2001 setentay
1151 1915 1247 1981 cinco
1264 1914 1324 1980 mil
1340 1915 1455 2000 peeoe)
1472 1912 1547 1979 fue·

476 2021 545 2085 rint
560 2019 716 2105 impensi.
737 2024 781 2104 (2)
815 2020 969 2086 Pretium
987 2042 1067 2085 vero
1084 2019 1238 2107 argentei
1253 2024 1288 2083 et
1317 2016 1468 2082 inaurati
1495 2022 1546 2082 ta-

476 2124 661 2205 bernaculi,
678 2126 795 2212 inquo
812 2126 917 2193 Sacra
932 2127 1052 2212 Imago
1062 2127 1229 2193 collocata
1241 2126 1316 2202 fuit,
1333 2124 1490 2191 escendit
1502 2123 1546 2189 ed

477 2228 659 2315 plusquam
671 2230 891 2317 septuaginta
900 2236 935 2296 et
945 2236 1077 2316 septem
1091 2230 1183 2295 mille
1193 2252 1351 2295 nummos
1364 2233 1547 2315 argenteos

477 2331 564 2410 (mas
576 2330 619 2395 de
632 2332 738 2398 77000
752 2336 877 2418 pesce).
898 2336 943 2415 (3)
958 2334 1024 2400 His
1048 2332 1207 2399 addenda
1218 2357 1300 2400 vasa
1314 2357 1421 2413 sacra,
1445 2340 1481 2401 et
1492 2357 1546 2400 sa·

477 2454 553 2497 crae
565 2438 688 2514 vestes,
705 2443 740 2501 et
752 2436 967 2515 candelabra,
982 2443 1017 2503 et
1028 2437 1096 2502 alia
1107 2438 1362 2524 quamplurima
1373 2444 1546 2525 argentea,

476 2557 623 2622 quorum
637 2538 769 2624 argenti
783 2541 918 2627 pondus
934 2564 1024 2605 auno
1036 2542 1131 2619 1731,
1146 2562 1238 2606 mors
1249 2539 1396 2629 hispano
1409 2564 1547 2628 expres-

477 2662 565 2721 sum,
575 2642 783 2709 ascendebat
793 2643 836 2709 ad
847 2651 979 2731 septem
992 2644 1084 2711 mille
1099 2644 1314 2731 octingentos
1326 2644 1548 2731 septuaginta

477 2747 747 2826 etoctomarcoa;
773 2748 911 2833 quibus,
939 2770 1027 2833 quae
1045 2771 1128 2815 auro
1159 2752 1257 2815 eraut
1272 2748 1450 2813 elaborata
1465 2752 1547 2813 sunt

477 2848 695 2927 recensenda,
708 2856 743 2915 et
758 2851 827 2915 alia
842 2858 1003 2937 argentes
1016 2852 1129 2938 magni
1145 2851 1249 2938 pretii
1276 2852 1386 2916 eidem
1403 2850 1547 2936 Templo

479 2956 611 3038 piorum
627 2952 787 3039 largitate
803 2952 939 3019 donata.
960 2956 1007 3033 (4)
1033 2956 1083 3019 En
1110 2952 1324 3019 validissima
1346 2956 1548 3039 argumenta

479 3055 625 3142 insignis
640 3056 844 3135 devotionis,
876 3080 946 3143 qua
961 3059 1000 3124 B.
1034 3060 1079 3124 M.
1111 3058 1152 3125 V.
1171 3057 1213 3123 de
1244 3056 1449 3143 Guadalupe
1479 3055 1547 3121 illis

478 3162 694 3248 temporibus
711 3163 948 3229 venerabatur.

521 3268 621 3331 Anno
636 3267 721 3333 1720
735 3265 934 3351 Capitulum
950 3266 1168 3333 Cathedralie
1184 3266 1358 3331 Ecclesiae
1375 3262 1547 3330 Guadala-

478 3371 633 3436 rarensie
653 3370 888 3435 fundationem
906 3370 1046 3437 admisit
1073 3370 1197 3437 factam
1214 3371 1258 3435 ab
1273 3369 1461 3456 Episcopo,
1488 3366 1547 3452 qui

478 3472 548 3539 duo
564 3474 657 3539 mille
674 3496 842 3538 mummoe
857 3478 1038 3559 argenteos
1055 3472 1151 3540 dedit
1181 3478 1221 3537 ut
1235 3472 1352 3537 lumen
1380 3474 1548 3557 perpetuo

479 3578 723 3644 accenderetur
738 3599 851 3643 coram
868 3576 1022 3663 Imagine
1039 3578 1078 3642 B.
1096 3576 1141 3641 M.
1159 3576 1198 3641 V.
1216 3575 1258 3641 de
1275 3574 1489 3661 Guadalupe.
1502 3574 1547 3651 (5)

521 3682 621 3747 Anno
637 3681 774 3748 circiter
804 3680 887 3747 1721
913 3680 1094 3768 Templum
1107 3679 1259 3767 amplum
1275 3678 1492 3745 inhonorem
1509 3678 1546 3745 B.

522 3855 568 3932 (1)
612 3857 753 3926 Cabrera,
770 3855 894 3914 Eseudo
909 3855 947 3915 de
963 3857 1070 3914 Armes
1090 3854 1129 3915 de
1148 3852 1277 3925 Μὲκίεο,
1303 3852 1352 3913 lib.
1373 3872 1401 3928 3,
1417 3872 1481 3930 cap.
1501 3873 1548 3923 ao,

482 3954 566 4013 nom.
587 3972 640 4031 751
660 3966 766 4030 etseq.

522 4052 567 4126 (1)
611 4053 751 4123 Cabrera,
769 4052 818 4123 ib.‚
835 4052 920 4112 1111111.
940 4072 1007 4129 744.

519 4152 563 4227 (3)
605 4150 911 4225 Cabrera,ib.,nr'1m.
933 4170 999 4229 749.

517 4255 561 4323 (4)
605 4252 737 4313 Crbrera
751 4250 800 4319 ib.‚
816 4256 899 4312 nun.
920 4270 976 4328 750
995 4264 1098 4329 etseq.

519 4352 566 4440 (5)
605 4352 670 4413 Aet.
688 4349 786 4431 Capit.
802 4350 863 4413 diei
877 4371 914 4411 rc
929 4350 1002 4417 Maii
1016 4351 1089 4425 anui
1108 4368 1195 4445 1729,
1211 4350 1263 4415 lib.
1282 4354 1309 4427 8,
1325 4349 1375 4441 sql.
1396 4368 1463 4443 173.
