3625 5217
935 602 1000 681 246

444 774 653 849 celebratum
669 781 736 849 init
750 803 812 870 per
837 781 972 868 aliquot
997 804 1113 849 annos.
1158 782 1308 870 Insuper
1337 770 1509 849 sexdecim

443 884 558 950 clerici
572 884 609 950 in
624 885 762 951 civitate
777 884 942 971 degentes
958 886 1087 952 cultum
1111 887 1185 972 ejus
1200 886 1375 974 prosecuti
1401 884 1508 961 fuere,

442 988 588 1075 singulis
603 988 758 1055 subbstis
772 988 917 1055 Missam
934 1010 1031 1055 mone
1048 990 1272 1069 celebrantes,
1287 1009 1430 1075 vespere
1448 1009 1509 1053 su·

441 1097 511 1157 tem
537 1092 760 1179 antiphonam
772 1090 870 1159 Solve
890 1094 1198 1180 quinacnnentes.
1215 1094 1330 1179 Atque
1345 1092 1456 1159 Bmus
1466 1090 1506 1155 D.

441 1197 496 1263 Fr.
524 1198 664 1263 Marcus
678 1197 836 1264 Rumirez
851 1196 894 1263 66
910 1192 1042 1275 Ρι·666,Ι
1052 1204 1132 1263 tunc
1147 1196 1277 1263 clectus
1303 1194 1508 1281 Archispis-

441 1323 549 1387 copus
564 1301 774 1379 Msxicsnus,
790 1302 968 1388 praecepit
981 1324 1024 1367 ne
1043 1300 1122 1387 quis
1138 1301 1268 1365 cultum
1284 1299 1382 1365 illum
1398 1299 1507 1389 impe·

440 1404 539 1471 diret
580 1406 625 1489 (1)
643 1405 721 1471 Hoc
736 1402 803 1471 suit
818 1405 1027 1493 principium
1044 1404 1327 1491 Congregutionis
1342 1403 1381 1470 B.
1401 1402 1445 1467 M.
1465 1402 1505 1469 V.

441 1509 485 1577 66
500 1509 704 1595 Gundelupe
720 1509 756 1573 in
786 1508 924 1575 civitate
947 1506 1147 1591 Queretsro.

483 1614 583 1680 Anno
598 1612 683 1679 1660
696 1610 790 1677 eliud
806 1633 949 1698 pervum
967 1610 1132 1697 templum
1149 1610 1186 1676 iu
1212 1608 1409 1675 summitate
1436 1606 1505 1675 ool·

439 1716 483 1783 lis
498 1716 706 1803 Tepsyocutl
736 1720 969 1781 constructum
986 1714 1059 1780 fuit
1086 1715 1132 1799 (2)
1159 1714 1262 1781 Unde
1292 1713 1360 1779 trie
1375 1713 1505 1800 templs

440 1825 574 1886 structa
588 1818 631 1884 ed
641 1818 848 1905 Tepeyacutl
871 1817 1080 1895 visebantur,
1107 1838 1216 1903 euque
1233 1817 1445 1883 inhonorem
1462 1815 1502 1881 B.

440 1921 538 1989 MV.
552 1921 595 1987 66
610 1920 816 2006 Gusdslupe
832 1920 983 1986 Domino
1000 1920 1168 2001 dedicata,
1212 1919 1255 1986 In
1278 1920 1345 1985 hoo
1359 1918 1504 2007 Templo

441 2025 546 2114 pictis
555 2024 729 2091 coloribus
739 2024 777 2089 B.
790 2024 836 2089 M.
851 2024 887 2087 V.
899 2030 1160 2110 repraesentate
1170 2024 1237 2089 fuit
1246 2023 1271 2089 J
1272 2044 1417 2089 oannem
1442 2021 1505 2089 Di·

441 2129 564 2195 dsoum
579 2127 845 2215 sdEpiscopum
862 2131 1012 2207 mittens,
1027 2133 1130 2214 etque
1148 2128 1223 2215 ejus
1238 2148 1405 2215 response
1417 2124 1504 2192 ecci·

440 2232 548 2321 piens.
565 2235 611 2316 (3)
640 2234 709 2318 Qui
720 2235 825 2322 hujus
846 2238 967 2327 templi
983 2236 1232 2304 aedificationis
1255 2239 1414 2323 sumptus
1429 2255 1503 2299 ero·

439 2338 543 2424 gavit,
556 2338 829 2427 christophorus
840 2345 998 2432 Aguirre‚
1010 2345 1103 2411 mille
1120 2364 1278 2409 nummos
1293 2338 1435 2425 reliquit
1450 2358 1503 2403 er·

438 2446 582 2526 gentsos
599 2444 672 2525 (mil
685 2452 812 2533 pesos),
829 2454 869 2515 ut
891 2472 1010 2515 sorum
1035 2447 1231 2515 redditibus
1253 2444 1357 2511 etism
1373 2443 1408 2509 in
1424 2441 1502 2528 ipso

439 2544 585 2634 singulis
614 2550 714 2616 suuis
728 2551 768 2619 B.
783 2554 830 2621 M.
846 2555 884 2620 V.
910 2556 953 2623 de
982 2554 1186 2641 Guedulupe
1217 2551 1399 2639 Appuritio
1415 2548 1501 2615 cels·

438 2646 607 2716 brsretur.
640 2655 686 2738 (4)
732 2656 878 2724 Saeculo
893 2658 1050 2746 proximo
1072 2664 1149 2724 ecto
1165 2657 1330 2745 templum
1344 2656 1410 2721 hoc
1432 2674 1502 2719 me·

438 2752 517 2822 liori
533 2754 642 2822 forme
657 2757 723 2825 fuit
744 2760 1007 2828 reaedificatum.
1027 2764 1072 2843 (5)

481 2859 581 2924 Anno
597 2860 680 2928 1663
696 2884 717 2927 6
731 2862 957 2931 Senot-issimo
973 2864 1105 2933 Christi
1120 2862 1258 2929 Vicsrio
1273 2860 1396 2949 petitio
1410 2860 1503 2925 facts

438 2959 505 3028 iuit
519 2967 559 3029 ut
574 2961 629 3029 die
648 2966 687 3031 12
716 2966 921 3035 Decembris
943 2968 1068 3034 festum
1085 2969 1121 3033 in
1143 2968 1307 3033 honorem
1324 2967 1363 3033 B.
1380 2966 1427 3031 M.
1458 2962 1498 3029 V.

438 3064 482 3131 66
505 3064 711 3157 Guedslupe
726 3069 762 3135 in
788 3072 949 3139 universa
963 3072 1061 3138 Nove
1083 3072 1254 3159 Hispanis
1268 3069 1501 3137 celebraretur

439 3190 516 3233 cum
549 3168 679 3251 Officio,
695 3178 730 3239 et
744 3174 864 3254 Missa,
889 3180 926 3241 et
939 3174 1043 3241 etism
1060 3198 1222 3243 concesso
1244 3174 1405 3261 jubilaeo.
1451 3170 1501 3237 Ut

438 3270 524 3337 hoec
538 3294 560 3337 6
574 3270 700 3340 Sancta
715 3276 804 3343 Sede
825 3284 1036 3365 peterentur,
1052 3302 1119 3345 non
1143 3280 1244 3347 modo
1257 3300 1381 3344 nomen
1398 3280 1499 3345 inter-

437 3373 503 3441 luit
538 3377 819 3464 Argeiopoliteni
845 3382 1022 3468 Episcopi,
1053 3382 1114 3468 qui
1144 3388 1179 3449 et
1207 3380 1499 3449 Archidioecesim

437 3478 650 3547 Mexiounem
664 3484 814 3571 regebat,
838 3491 874 3551 et
896 3486 966 3551 Pro
981 3486 1087 3573 Regis
1100 3487 1229 3553 bonore
1259 3488 1498 3565 decorabatur,

436 3604 555 3649 verum
571 3588 674 3650 etiarn
689 3608 772 3672 pers
786 3610 909 3673 magna
924 3588 1064 3656 fuerunt
1080 3596 1115 3657 et
1130 3591 1294 3657 Cononici
1322 3592 1499 3678 Metropo-

437 3686 546 3763 liteni,
577 3693 613 3754 et
628 3687 831 3776 Superiores
846 3691 1067 3779 Religionum
1098 3695 1216 3762 Sancti
1245 3694 1433 3777 Francisoi,
1464 3702 1500 3765 et

436 3810 566 3825 *-

478 3878 522 3949 (ι)
565 3878 714 3953 Sigiienza
727 3902 746 3958 y
760 3882 913 3959 Gongora,
930 3884 1048 3945 Gloriae
1064 3886 1103 3945 de
1118 3886 1295 3963 Quereraro
1310 3906 1375 3965 cap.
1391 3908 1416 3947 2.

477 3962 522 4035 (2)
565 3964 709 4028 cabrera.
735 3964 858 4025 Escudo
871 3966 912 4025 de
927 3970 1039 4027 Armas
1054 3968 1092 4028 de
1111 3967 1239 4035 llexico.
1255 3968 1304 4029 lib.
1324 3990 1350 4045 3.
1365 3988 1432 4049 cap.
1454 3988 1499 4049 19,

438 4041 515 4100 ndrn
533 4062 600 4122 73¹-
625 4044 760 4104 Diccion.
781 4046 871 4107 Univ.
888 4048 927 4107 de
945 4048 1027 4109 Hist.
1042 4069 1063 4128 y
1080 4052 1186 4129 Geogr.
1205 4064 1262 4111 art.
1280 4052 1444 4131 (tolegiata
1459 4054 1499 4115 dc

442 4120 634 4203 Guadalupe.
653 4133 720 4203 pr'g.
738 4146 807 4204 359,
822 4130 926 4189 cols.

478 4209 526 4283 (3)
570 4208 767 4277 Cabrenib.

476 4290 521 4363 (4)
564 4289 701 4351 Diccion.
724 4292 815 4353 Univ.
832 4292 871 4351 de
893 4290 1014 4373 Histy
1040 4296 1152 4377 Geogr.
1169 4296 1209 4359 ib.

477 4370 521 4453 (5)
564 4372 649 4435 Dice.
667 4372 757 4435 Univ.
773 4374 812 4435 de
828 4373 907 4437 Hist.
924 4394 943 4455 y
957 4374 1064 4457 Geogr.
1081 4377 1120 4443 ib.
