<?xml version="1.0" encoding="UTF-8"?>
<!DOCTYPE html PUBLIC "-//W3C//DTD XHTML 1.0 Transitional//EN"
    "http://www.w3.org/TR/xhtml1/DTD/xhtml1-transitional.dtd">
<html xmlns="http://www.w3.org/1999/xhtml" xml:lang="en" lang="en">
 <head>
  <title>
</title>
<meta http-equiv="Content-Type" content="text/html;charset=utf-8" />
  <meta name='ocr-system' content='tesseract 3.04.00' />
  <meta name='ocr-capabilities' content='ocr_page ocr_carea ocr_par ocr_line ocrx_word'/>
</head>
<body>
  <div class='ocr_page' id='page_1' title='image "./dissertatiohist00rosagoog_0224.png"; bbox 0 0 3625 5217; ppageno 0'>
   <div class='ocr_carea' id='block_1_1' title="bbox 991 502 1055 583">
    <p class='ocr_par' dir='ltr' id='par_1_1' title="bbox 991 502 1055 583">
     <span class='ocr_line' id='line_1_1' title="bbox 991 502 1055 583; baseline 0 -1"><span class='ocrx_word' id='word_1_1' title='bbox 991 502 1055 583; x_wconf 78' lang='lat'><strong>220</strong></span> 
     </span>
    </p>
   </div>
   <div class='ocr_carea' id='block_1_2' title="bbox 486 674 1554 2839">
    <p class='ocr_par' dir='ltr' id='par_1_2' title="bbox 486 674 1553 1712">
     <span class='ocr_line' id='line_1_2' title="bbox 487 674 1553 780; baseline 0 -23"><span class='ocrx_word' id='word_1_2' title='bbox 487 674 602 769; x_wconf 60' lang='lat' dir='ltr'><strong>litua</strong></span> <span class='ocrx_word' id='word_1_3' title='bbox 627 694 730 776; x_wconf 75' lang='lat' dir='ltr'><strong>atquo</strong></span> <span class='ocrx_word' id='word_1_4' title='bbox 762 687 799 754; x_wconf 74' lang='lat' dir='ltr'><strong>in</strong></span> <span class='ocrx_word' id='word_1_5' title='bbox 826 688 899 755; x_wconf 74' lang='lat' dir='ltr'><strong>ina</strong></span> <span class='ocrx_word' id='word_1_6' title='bbox 927 690 1014 777; x_wconf 70' lang='lat' dir='ltr'><strong>(ap.</strong></span> <span class='ocrx_word' id='word_1_7' title='bbox 1045 686 1111 775; x_wconf 67' lang='lat' dir='ltr'><strong>aa</strong></span> <span class='ocrx_word' id='word_1_8' title='bbox 1140 689 1184 772; x_wconf 85' lang='lat'><strong>1.)</strong></span> <span class='ocrx_word' id='word_1_9' title='bbox 1215 690 1428 780; x_wconf 74' lang='lat' dir='ltr'><strong>praecipitur</strong></span> <span class='ocrx_word' id='word_1_10' title='bbox 1458 676 1553 778; x_wconf 78' lang='lat' dir='ltr'><strong>quod</strong></span> 
     </span>
     <span class='ocr_line' id='line_1_3' title="bbox 487 791 1552 881; baseline -0.002 -20"><span class='ocrx_word' id='word_1_11' title='bbox 487 794 632 881; x_wconf 84' lang='lat' dir='ltr'><strong>singulis</strong></span> <span class='ocrx_word' id='word_1_12' title='bbox 647 792 746 859; x_wconf 87' lang='lat' dir='ltr'><strong>annis</strong></span> <span class='ocrx_word' id='word_1_13' title='bbox 761 791 817 857; x_wconf 87' lang='lat' dir='ltr'><strong>die</strong></span> <span class='ocrx_word' id='word_1_14' title='bbox 834 793 874 857; x_wconf 81' lang='lat'><strong>12</strong></span> <span class='ocrx_word' id='word_1_15' title='bbox 900 793 1103 859; x_wconf 81' lang='lat' dir='ltr'><strong>Decembris</strong></span> <span class='ocrx_word' id='word_1_16' title='bbox 1130 794 1328 861; x_wconf 85' lang='lat' dir='ltr'><strong>solemniter</strong></span> <span class='ocrx_word' id='word_1_17' title='bbox 1358 795 1552 861; x_wconf 86' lang='lat' dir='ltr'><strong>celebretur</strong></span> 
     </span>
     <span class='ocr_line' id='line_1_4' title="bbox 486 897 1551 989; baseline -0.002 -22"><span class='ocrx_word' id='word_1_18' title='bbox 486 900 669 989; x_wconf 84' lang='lat' dir='ltr'><strong>Apparitio</strong></span> <span class='ocrx_word' id='word_1_19' title='bbox 683 900 722 965; x_wconf 90' lang='lat' dir='ltr'><strong>B.</strong></span> <span class='ocrx_word' id='word_1_20' title='bbox 746 900 794 965; x_wconf 88' lang='lat' dir='ltr'><strong>M.</strong></span> <span class='ocrx_word' id='word_1_21' title='bbox 809 897 848 965; x_wconf 89' lang='lat' dir='ltr'><strong>V.</strong></span> <span class='ocrx_word' id='word_1_22' title='bbox 875 898 918 965; x_wconf 88' lang='lat' dir='ltr'><strong>de</strong></span> <span class='ocrx_word' id='word_1_23' title='bbox 941 898 1156 985; x_wconf 88' lang='lat' dir='ltr'><strong>Guadalupe,</strong></span> <span class='ocrx_word' id='word_1_24' title='bbox 1173 902 1205 965; x_wconf 90' lang='lat' dir='ltr'><strong>in</strong></span> <span class='ocrx_word' id='word_1_25' title='bbox 1235 922 1304 986; x_wconf 89' lang='lat' dir='ltr'><strong>qua</strong></span> <span class='ocrx_word' id='word_1_26' title='bbox 1333 900 1551 965; x_wconf 74' lang='lat' dir='ltr'>solemnitate</span> 
     </span>
     <span class='ocr_line' id='line_1_5' title="bbox 486 1001 1552 1092; baseline -0.001 -21"><span class='ocrx_word' id='word_1_27' title='bbox 486 1004 632 1092; x_wconf 81' lang='lat' dir='ltr'><strong>singulis</strong></span> <span class='ocrx_word' id='word_1_28' title='bbox 647 1003 746 1069; x_wconf 92' lang='lat' dir='ltr'><strong>annis</strong></span> <span class='ocrx_word' id='word_1_29' title='bbox 762 1002 881 1069; x_wconf 91' lang='lat' dir='ltr'><strong>concio</strong></span> <span class='ocrx_word' id='word_1_30' title='bbox 903 1002 1090 1068; x_wconf 74' lang='lat' dir='ltr'><strong>haberetur</strong></span> <span class='ocrx_word' id='word_1_31' title='bbox 1106 1001 1150 1067; x_wconf 88' lang='lat' dir='ltr'><strong>ad</strong></span> <span class='ocrx_word' id='word_1_32' title='bbox 1176 1003 1350 1089; x_wconf 90' lang='lat' dir='ltr'><strong>populum.</strong></span> <span class='ocrx_word' id='word_1_33' title='bbox 1370 1004 1416 1087; x_wconf 79' lang='lat'><strong>(1)</strong></span> <span class='ocrx_word' id='word_1_34' title='bbox 1447 1001 1552 1071; x_wconf 77' lang='lat' dir='ltr'><strong>Prae·</strong></span> 
     </span>
     <span class='ocr_line' id='line_1_6' title="bbox 486 1104 1552 1191; baseline -0.002 -18"><span class='ocrx_word' id='word_1_35' title='bbox 486 1107 599 1174; x_wconf 87' lang='lat' dir='ltr'><strong>dictae</strong></span> <span class='ocrx_word' id='word_1_36' title='bbox 610 1106 882 1173; x_wconf 82' lang='lat' dir='ltr'><strong>Constitutiones</strong></span> <span class='ocrx_word' id='word_1_37' title='bbox 910 1110 1011 1171; x_wconf 88' lang='lat' dir='ltr'><strong>antea</strong></span> <span class='ocrx_word' id='word_1_38' title='bbox 1026 1105 1094 1191; x_wconf 81' lang='lat' dir='ltr'><strong>jam</strong></span> <span class='ocrx_word' id='word_1_39' title='bbox 1118 1104 1253 1171; x_wconf 85' lang='lat' dir='ltr'><strong>fuerant</strong></span> <span class='ocrx_word' id='word_1_40' title='bbox 1268 1107 1445 1173; x_wconf 86' lang='lat' dir='ltr'><strong>formatae:</strong></span> <span class='ocrx_word' id='word_1_41' title='bbox 1461 1110 1496 1173; x_wconf 85' lang='lat' dir='ltr'><strong>ot</strong></span> <span class='ocrx_word' id='word_1_42' title='bbox 1510 1106 1552 1173; x_wconf 91' lang='lat' dir='ltr'><strong>li·</strong></span> 
     </span>
     <span class='ocr_line' id='line_1_7' title="bbox 487 1210 1552 1302; baseline -0.004 -21"><span class='ocrx_word' id='word_1_43' title='bbox 487 1219 541 1281; x_wconf 88' lang='lat' dir='ltr'><strong>cet</strong></span> <span class='ocrx_word' id='word_1_44' title='bbox 556 1213 694 1302; x_wconf 83' lang='lat' dir='ltr'><strong>quando</strong></span> <span class='ocrx_word' id='word_1_45' title='bbox 709 1214 803 1301; x_wconf 78' lang='lat' dir='ltr'><strong>typis</strong></span> <span class='ocrx_word' id='word_1_46' title='bbox 825 1213 965 1278; x_wconf 86' lang='lat' dir='ltr'><strong>inerunt</strong></span> <span class='ocrx_word' id='word_1_47' title='bbox 980 1210 1101 1289; x_wconf 89' lang='lat' dir='ltr'><strong>editae,</strong></span> <span class='ocrx_word' id='word_1_48' title='bbox 1116 1212 1149 1275; x_wconf 90' lang='lat' dir='ltr'><strong>in</strong></span> <span class='ocrx_word' id='word_1_49' title='bbox 1166 1211 1341 1296; x_wconf 79' lang='lat' dir='ltr'><strong>aliquibus</strong></span> <span class='ocrx_word' id='word_1_50' title='bbox 1355 1210 1484 1277; x_wconf 87' lang='lat' dir='ltr'><strong>fuerint</strong></span> <span class='ocrx_word' id='word_1_51' title='bbox 1499 1232 1552 1277; x_wconf 88' lang='lat' dir='ltr'><strong>re·</strong></span> 
     </span>
     <span class='ocr_line' id='line_1_8' title="bbox 486 1313 1551 1398; baseline -0.005 -14"><span class='ocrx_word' id='word_1_52' title='bbox 486 1318 662 1395; x_wconf 82' lang='lat' dir='ltr'><strong>formatae,</strong></span> <span class='ocrx_word' id='word_1_53' title='bbox 681 1319 726 1398; x_wconf 81' lang='lat'><strong>(2)</strong></span> <span class='ocrx_word' id='word_1_54' title='bbox 758 1340 826 1381; x_wconf 91' lang='lat' dir='ltr'><strong>non</strong></span> <span class='ocrx_word' id='word_1_55' title='bbox 856 1313 1085 1381; x_wconf 89' lang='lat' dir='ltr'><strong>dubitandum</strong></span> <span class='ocrx_word' id='word_1_56' title='bbox 1115 1336 1243 1379; x_wconf 88' lang='lat' dir='ltr'><strong>moram</strong></span> <span class='ocrx_word' id='word_1_57' title='bbox 1260 1314 1481 1381; x_wconf 87' lang='lat' dir='ltr'><strong>concionandi</strong></span> <span class='ocrx_word' id='word_1_58' title='bbox 1507 1313 1551 1380; x_wconf 88' lang='lat' dir='ltr'><strong>de</strong></span> 
     </span>
     <span class='ocr_line' id='line_1_9' title="bbox 487 1414 1550 1509; baseline -0.003 -21"><span class='ocrx_word' id='word_1_59' title='bbox 487 1422 644 1509; x_wconf 82' lang='lat' dir='ltr'><strong>prodigio</strong></span> <span class='ocrx_word' id='word_1_60' title='bbox 673 1416 934 1504; x_wconf 86' lang='lat' dir='ltr'><strong>Guudalupensi</strong></span> <span class='ocrx_word' id='word_1_61' title='bbox 952 1439 1019 1481; x_wconf 89' lang='lat' dir='ltr'><strong>non</strong></span> <span class='ocrx_word' id='word_1_62' title='bbox 1050 1422 1131 1483; x_wconf 88' lang='lat' dir='ltr'><strong>tunc</strong></span> <span class='ocrx_word' id='word_1_63' title='bbox 1161 1414 1351 1498; x_wconf 86' lang='lat' dir='ltr'><strong>Qusretaro</strong></span> <span class='ocrx_word' id='word_1_64' title='bbox 1380 1417 1550 1504; x_wconf 82' lang='lat' dir='ltr'><strong>incepisse</strong></span> 
     </span>
     <span class='ocr_line' id='line_1_10' title="bbox 487 1519 1551 1614; baseline -0.005 -22"><span class='ocrx_word' id='word_1_65' title='bbox 487 1524 625 1614; x_wconf 89' lang='lat' dir='ltr'><strong>quando</strong></span> <span class='ocrx_word' id='word_1_66' title='bbox 649 1525 713 1589; x_wconf 86' lang='lat' dir='ltr'><strong>hae</strong></span> <span class='ocrx_word' id='word_1_67' title='bbox 731 1519 995 1589; x_wconf 78' lang='lat' dir='ltr'><strong>constitutiones</strong></span> <span class='ocrx_word' id='word_1_68' title='bbox 1007 1519 1146 1585; x_wconf 88' lang='lat' dir='ltr'><strong>fuerunt</strong></span> <span class='ocrx_word' id='word_1_69' title='bbox 1171 1519 1266 1605; x_wconf 80' lang='lat' dir='ltr'><strong>typis</strong></span> <span class='ocrx_word' id='word_1_70' title='bbox 1278 1520 1399 1600; x_wconf 87' lang='lat' dir='ltr'><strong>editae,</strong></span> <span class='ocrx_word' id='word_1_71' title='bbox 1416 1520 1477 1587; x_wconf 90' lang='lat' dir='ltr'><strong>sed</strong></span> <span class='ocrx_word' id='word_1_72' title='bbox 1493 1542 1551 1587; x_wconf 88' lang='lat' dir='ltr'><strong>an·</strong></span> 
     </span>
     <span class='ocr_line' id='line_1_11' title="bbox 487 1622 798 1712; baseline -0.023 -20"><span class='ocrx_word' id='word_1_73' title='bbox 487 1622 798 1712; x_wconf 83' lang='lat' dir='ltr'><strong>tiquioremiuisse.</strong></span> 
     </span>
    </p>

    <p class='ocr_par' dir='ltr' id='par_1_3' title="bbox 486 1730 1552 2750">
     <span class='ocr_line' id='line_1_12' title="bbox 531 1730 1551 1817; baseline -0.004 -16"><span class='ocrx_word' id='word_1_74' title='bbox 531 1734 675 1801; x_wconf 82' lang='lat' dir='ltr'><strong>Constat</strong></span> <span class='ocrx_word' id='word_1_75' title='bbox 686 1732 788 1799; x_wconf 90' lang='lat' dir='ltr'><strong>etiam</strong></span> <span class='ocrx_word' id='word_1_76' title='bbox 799 1732 835 1797; x_wconf 92' lang='lat' dir='ltr'><strong>in</strong></span> <span class='ocrx_word' id='word_1_77' title='bbox 846 1731 1117 1817; x_wconf 87' lang='lat' dir='ltr'><strong>Metropolitana</strong></span> <span class='ocrx_word' id='word_1_78' title='bbox 1134 1730 1292 1797; x_wconf 86' lang='lat' dir='ltr'><strong>Ecclesia</strong></span> <span class='ocrx_word' id='word_1_79' title='bbox 1301 1730 1482 1799; x_wconf 77' lang='lat' dir='ltr'><strong>Maricana</strong></span> <span class='ocrx_word' id='word_1_80' title='bbox 1498 1754 1551 1798; x_wconf 86' lang='lat' dir='ltr'><strong>on·</strong></span> 
     </span>
     <span class='ocr_line' id='line_1_13' title="bbox 487 1833 1551 1924; baseline -0.001 -23"><span class='ocrx_word' id='word_1_81' title='bbox 487 1837 612 1924; x_wconf 90' lang='lat' dir='ltr'><strong>pellam</strong></span> <span class='ocrx_word' id='word_1_82' title='bbox 628 1837 732 1902; x_wconf 80' lang='lat' dir='ltr'><strong>fuisse</strong></span> <span class='ocrx_word' id='word_1_83' title='bbox 743 1839 907 1901; x_wconf 89' lang='lat' dir='ltr'><strong>structam</strong></span> <span class='ocrx_word' id='word_1_84' title='bbox 920 1835 955 1899; x_wconf 89' lang='lat' dir='ltr'><strong>in</strong></span> <span class='ocrx_word' id='word_1_85' title='bbox 966 1834 1130 1899; x_wconf 85' lang='lat' dir='ltr'><strong>honorem</strong></span> <span class='ocrx_word' id='word_1_86' title='bbox 1143 1834 1181 1901; x_wconf 93' lang='lat' dir='ltr'><strong>B.</strong></span> <span class='ocrx_word' id='word_1_87' title='bbox 1200 1836 1246 1900; x_wconf 89' lang='lat' dir='ltr'><strong>M.</strong></span> <span class='ocrx_word' id='word_1_88' title='bbox 1265 1834 1302 1900; x_wconf 90' lang='lat' dir='ltr'><strong>V.</strong></span> <span class='ocrx_word' id='word_1_89' title='bbox 1315 1834 1357 1901; x_wconf 90' lang='lat' dir='ltr'><strong>de</strong></span> <span class='ocrx_word' id='word_1_90' title='bbox 1374 1833 1551 1902; x_wconf 87' lang='lat' dir='ltr'><strong>Guadalu·</strong></span> 
     </span>
     <span class='ocr_line' id='line_1_14' title="bbox 487 1934 1550 2028; baseline -0.006 -21"><span class='ocrx_word' id='word_1_91' title='bbox 487 1963 540 2028; x_wconf 88' lang='lat' dir='ltr'><strong>pe,</strong></span> <span class='ocrx_word' id='word_1_92' title='bbox 551 1962 654 2027; x_wconf 88' lang='lat' dir='ltr'><strong>quam</strong></span> <span class='ocrx_word' id='word_1_93' title='bbox 666 1937 800 2005; x_wconf 81' lang='lat' dir='ltr'><strong>ornarit</strong></span> <span class='ocrx_word' id='word_1_94' title='bbox 810 1937 866 2001; x_wconf 88' lang='lat' dir='ltr'><strong>Dr.</strong></span> <span class='ocrx_word' id='word_1_95' title='bbox 878 1934 1077 2001; x_wconf 75' lang='lat' dir='ltr'><strong>Bernartius</strong></span> <span class='ocrx_word' id='word_1_96' title='bbox 1090 1935 1260 2017; x_wconf 81' lang='lat' dir='ltr'><strong>Qusznda:</strong></span> <span class='ocrx_word' id='word_1_97' title='bbox 1271 1934 1550 2023; x_wconf 85' lang='lat' dir='ltr'><strong>Guadalupensia</strong></span> 
     </span>
     <span class='ocr_line' id='line_1_15' title="bbox 487 2038 1550 2127; baseline -0.006 -18"><span class='ocrx_word' id='word_1_98' title='bbox 487 2043 647 2109; x_wconf 88' lang='lat' dir='ltr'><strong>coelestis</strong></span> <span class='ocrx_word' id='word_1_99' title='bbox 661 2040 825 2127; x_wconf 87' lang='lat' dir='ltr'><strong>Imaginis</strong></span> <span class='ocrx_word' id='word_1_100' title='bbox 841 2039 1010 2126; x_wconf 90' lang='lat' dir='ltr'><strong>picturam</strong></span> <span class='ocrx_word' id='word_1_101' title='bbox 1027 2038 1143 2124; x_wconf 86' lang='lat' dir='ltr'><strong>posuit</strong></span> <span class='ocrx_word' id='word_1_102' title='bbox 1159 2038 1192 2103; x_wconf 93' lang='lat' dir='ltr'><strong>in</strong></span> <span class='ocrx_word' id='word_1_103' title='bbox 1209 2062 1258 2119; x_wconf 87' lang='lat' dir='ltr'><strong>ea,</strong></span> <span class='ocrx_word' id='word_1_104' title='bbox 1270 2045 1373 2125; x_wconf 89' lang='lat' dir='ltr'><strong>atque</strong></span> <span class='ocrx_word' id='word_1_105' title='bbox 1389 2038 1483 2125; x_wconf 90' lang='lat' dir='ltr'><strong>piam</strong></span> <span class='ocrx_word' id='word_1_106' title='bbox 1499 2060 1550 2104; x_wconf 90' lang='lat' dir='ltr'><strong>re·</strong></span> 
     </span>
     <span class='ocr_line' id='line_1_16' title="bbox 486 2141 1548 2233; baseline -0.006 -21"><span class='ocrx_word' id='word_1_107' title='bbox 486 2146 590 2233; x_wconf 88' lang='lat' dir='ltr'><strong>liquit</strong></span> <span class='ocrx_word' id='word_1_108' title='bbox 614 2144 849 2211; x_wconf 81' lang='lat' dir='ltr'><strong>fundationem</strong></span> <span class='ocrx_word' id='word_1_109' title='bbox 880 2146 919 2208; x_wconf 89' lang='lat' dir='ltr'><strong>ut</strong></span> <span class='ocrx_word' id='word_1_110' title='bbox 942 2141 1088 2227; x_wconf 81' lang='lat' dir='ltr'><strong>singulis</strong></span> <span class='ocrx_word' id='word_1_111' title='bbox 1114 2142 1212 2207; x_wconf 88' lang='lat' dir='ltr'><strong>annis</strong></span> <span class='ocrx_word' id='word_1_112' title='bbox 1235 2142 1361 2209; x_wconf 87' lang='lat' dir='ltr'><strong>festum</strong></span> <span class='ocrx_word' id='word_1_113' title='bbox 1390 2144 1429 2208; x_wconf 92' lang='lat' dir='ltr'><strong>B.</strong></span> <span class='ocrx_word' id='word_1_114' title='bbox 1445 2144 1492 2209; x_wconf 87' lang='grc' dir='ltr'><strong>Μ.</strong></span> <span class='ocrx_word' id='word_1_115' title='bbox 1511 2142 1548 2206; x_wconf 90' lang='lat' dir='ltr'><strong>V.</strong></span> 
     </span>
     <span class='ocr_line' id='line_1_17' title="bbox 487 2244 1551 2334; baseline -0.006 -17"><span class='ocrx_word' id='word_1_116' title='bbox 487 2251 530 2317; x_wconf 90' lang='lat' dir='ltr'><strong>de</strong></span> <span class='ocrx_word' id='word_1_117' title='bbox 545 2248 750 2334; x_wconf 85' lang='lat' dir='ltr'><strong>Guadalupe</strong></span> <span class='ocrx_word' id='word_1_118' title='bbox 777 2247 1017 2321; x_wconf 82' lang='lat' dir='ltr'><strong>celebraretur,</strong></span> <span class='ocrx_word' id='word_1_119' title='bbox 1036 2246 1153 2329; x_wconf 89' lang='lat' dir='ltr'><strong>inquo</strong></span> <span class='ocrx_word' id='word_1_120' title='bbox 1169 2244 1214 2311; x_wconf 89' lang='lat' dir='ltr'><strong>ad</strong></span> <span class='ocrx_word' id='word_1_121' title='bbox 1240 2245 1407 2331; x_wconf 89' lang='lat' dir='ltr'><strong>populum</strong></span> <span class='ocrx_word' id='word_1_122' title='bbox 1432 2246 1551 2313; x_wconf 89' lang='lat' dir='ltr'><strong>concio</strong></span> 
     </span>
     <span class='ocr_line' id='line_1_18' title="bbox 487 2346 1551 2432; baseline -0.004 -12"><span class='ocrx_word' id='word_1_123' title='bbox 487 2354 681 2420; x_wconf 88' lang='lat' dir='ltr'><strong>haberetur.</strong></span> <span class='ocrx_word' id='word_1_124' title='bbox 725 2350 823 2416; x_wconf 86' lang='lat' dir='ltr'><strong>Haec</strong></span> <span class='ocrx_word' id='word_1_125' title='bbox 843 2352 963 2415; x_wconf 90' lang='lat' dir='ltr'><strong>narrat</strong></span> <span class='ocrx_word' id='word_1_126' title='bbox 977 2347 1013 2412; x_wconf 94' lang='lat' dir='ltr'><strong>P.</strong></span> <span class='ocrx_word' id='word_1_127' title='bbox 1039 2346 1230 2413; x_wconf 85' lang='lat' dir='ltr'><strong>Florencia.</strong></span> <span class='ocrx_word' id='word_1_128' title='bbox 1249 2350 1297 2432; x_wconf 90' lang='lat'><strong>(3)</strong></span> <span class='ocrx_word' id='word_1_129' title='bbox 1340 2348 1457 2415; x_wconf 90' lang='lat' dir='ltr'><strong>Prima</strong></span> <span class='ocrx_word' id='word_1_130' title='bbox 1473 2372 1551 2417; x_wconf 92' lang='lat' dir='ltr'><strong>con-</strong></span> 
     </span>
     <span class='ocr_line' id='line_1_19' title="bbox 488 2450 1552 2541; baseline -0.003 -18"><span class='ocrx_word' id='word_1_131' title='bbox 488 2458 551 2536; x_wconf 93' lang='lat' dir='ltr'><strong>cio,</strong></span> <span class='ocrx_word' id='word_1_132' title='bbox 567 2456 722 2541; x_wconf 89' lang='lat' dir='ltr'><strong>inhujus</strong></span> <span class='ocrx_word' id='word_1_133' title='bbox 752 2453 905 2540; x_wconf 82' lang='lat' dir='ltr'><strong>capellae</strong></span> <span class='ocrx_word' id='word_1_134' title='bbox 922 2450 1149 2529; x_wconf 79' lang='lat' dir='ltr'><strong>dedicatione,</strong></span> <span class='ocrx_word' id='word_1_135' title='bbox 1179 2450 1273 2517; x_wconf 87' lang='lat' dir='ltr'><strong>dicta</strong></span> <span class='ocrx_word' id='word_1_136' title='bbox 1297 2476 1317 2518; x_wconf 91' lang='lat' dir='ltr'><strong>a</strong></span> <span class='ocrx_word' id='word_1_137' title='bbox 1332 2452 1369 2518; x_wconf 92' lang='lat' dir='ltr'><strong>P.</strong></span> <span class='ocrx_word' id='word_1_138' title='bbox 1385 2452 1552 2521; x_wconf 85' lang='lat' dir='ltr'><strong>Joannsn</strong></span> 
     </span>
     <span class='ocr_line' id='line_1_20' title="bbox 488 2552 1552 2643; baseline -0.003 -15"><span class='ocrx_word' id='word_1_139' title='bbox 488 2560 613 2628; x_wconf 87' lang='lat' dir='ltr'><strong>Sancto</strong></span> <span class='ocrx_word' id='word_1_140' title='bbox 626 2557 808 2635; x_wconf 89' lang='lat' dir='ltr'><strong>Michaeio,</strong></span> <span class='ocrx_word' id='word_1_141' title='bbox 821 2575 930 2643; x_wconf 86' lang='lat' dir='ltr'><strong>eaque</strong></span> <span class='ocrx_word' id='word_1_142' title='bbox 943 2554 1037 2641; x_wconf 85' lang='lat' dir='ltr'><strong>typis</strong></span> <span class='ocrx_word' id='word_1_143' title='bbox 1047 2554 1142 2620; x_wconf 87' lang='lat' dir='ltr'><strong>edita</strong></span> <span class='ocrx_word' id='word_1_144' title='bbox 1156 2552 1223 2620; x_wconf 86' lang='lat' dir='ltr'><strong>iuit</strong></span> <span class='ocrx_word' id='word_1_145' title='bbox 1238 2576 1327 2621; x_wconf 86' lang='lat' dir='ltr'><strong>anno</strong></span> <span class='ocrx_word' id='word_1_146' title='bbox 1343 2558 1436 2635; x_wconf 82' lang='lat'><strong>1671,</strong></span> <span class='ocrx_word' id='word_1_147' title='bbox 1453 2556 1552 2643; x_wconf 83' lang='lat' dir='ltr'><strong>juxta</strong></span> 
     </span>
     <span class='ocr_line' id='line_1_21' title="bbox 487 2666 735 2750; baseline -0.02 -15"><span class='ocrx_word' id='word_1_148' title='bbox 487 2666 669 2735; x_wconf 85' lang='lat' dir='ltr'><strong>Baristain.</strong></span> <span class='ocrx_word' id='word_1_149' title='bbox 690 2667 735 2750; x_wconf 82' lang='lat'><strong>(4)</strong></span> 
     </span>
    </p>

    <p class='ocr_par' dir='ltr' id='par_1_4' title="bbox 531 2762 1554 2839">
     <span class='ocr_line' id='line_1_22' title="bbox 531 2762 1554 2839; baseline -0.01 0"><span class='ocrx_word' id='word_1_150' title='bbox 531 2772 651 2839; x_wconf 85' lang='lat' dir='ltr'><strong>Simile</strong></span> <span class='ocrx_word' id='word_1_151' title='bbox 667 2771 794 2837; x_wconf 86' lang='lat' dir='ltr'><strong>festum</strong></span> <span class='ocrx_word' id='word_1_152' title='bbox 809 2766 1002 2833; x_wconf 87' lang='lat' dir='ltr'><strong>stabilitum</strong></span> <span class='ocrx_word' id='word_1_153' title='bbox 1019 2762 1085 2829; x_wconf 82' lang='lat' dir='ltr'><strong>luit</strong></span> <span class='ocrx_word' id='word_1_154' title='bbox 1115 2763 1151 2829; x_wconf 88' lang='lat' dir='ltr'><strong>in</strong></span> <span class='ocrx_word' id='word_1_155' title='bbox 1166 2762 1323 2829; x_wconf 79' lang='lat' dir='ltr'><strong>Ecclesia</strong></span> <span class='ocrx_word' id='word_1_156' title='bbox 1352 2762 1554 2831; x_wconf 85' lang='lat' dir='ltr'><strong>Oathedrali</strong></span> 
     </span>
    </p>
   </div>
   <div class='ocr_carea' id='block_1_3' title="bbox 487 2866 1555 3582">
    <p class='ocr_par' dir='ltr' id='par_1_5' title="bbox 487 2866 1555 3582">
     <span class='ocr_line' id='line_1_23' title="bbox 487 2866 1553 2962; baseline -0.008 -21"><span class='ocrx_word' id='word_1_157' title='bbox 487 2874 777 2962; x_wconf 86' lang='lat' dir='ltr'><strong>Angeiopolitaua</strong></span> <span class='ocrx_word' id='word_1_158' title='bbox 805 2871 841 2936; x_wconf 91' lang='lat' dir='ltr'><strong>in</strong></span> <span class='ocrx_word' id='word_1_159' title='bbox 864 2870 1029 2935; x_wconf 90' lang='lat' dir='ltr'><strong>honorem</strong></span> <span class='ocrx_word' id='word_1_160' title='bbox 1045 2866 1218 2954; x_wconf 86' lang='lat' dir='ltr'><strong>Deiparne</strong></span> <span class='ocrx_word' id='word_1_161' title='bbox 1235 2866 1385 2951; x_wconf 87' lang='lat' dir='ltr'><strong>Virginis</strong></span> <span class='ocrx_word' id='word_1_162' title='bbox 1401 2866 1443 2933; x_wconf 87' lang='lat' dir='ltr'><strong>de</strong></span> <span class='ocrx_word' id='word_1_163' title='bbox 1459 2868 1553 2935; x_wconf 87' lang='lat' dir='ltr'><strong>Gua-</strong></span> 
     </span>
     <span class='ocr_line' id='line_1_24' title="bbox 488 2970 1553 3066; baseline -0.009 -20"><span class='ocrx_word' id='word_1_164' title='bbox 488 2980 623 3066; x_wconf 85' lang='lat' dir='ltr'><strong>dalupc,</strong></span> <span class='ocrx_word' id='word_1_165' title='bbox 639 2978 784 3065; x_wconf 81' lang='lat' dir='ltr'><strong>singulis</strong></span> <span class='ocrx_word' id='word_1_166' title='bbox 796 2979 893 3043; x_wconf 87' lang='lat' dir='ltr'><strong>annis</strong></span> <span class='ocrx_word' id='word_1_167' title='bbox 907 2973 1150 3043; x_wconf 87' lang='lat' dir='ltr'><strong>celebrandum</strong></span> <span class='ocrx_word' id='word_1_168' title='bbox 1163 2996 1239 3038; x_wconf 88' lang='lat' dir='ltr'><strong>curn</strong></span> <span class='ocrx_word' id='word_1_169' title='bbox 1256 2972 1416 3038; x_wconf 88' lang='lat' dir='ltr'><strong>concione</strong></span> <span class='ocrx_word' id='word_1_170' title='bbox 1432 2970 1476 3037; x_wconf 88' lang='lat' dir='ltr'><strong>ad</strong></span> <span class='ocrx_word' id='word_1_171' title='bbox 1492 2994 1553 3057; x_wconf 93' lang='lat' dir='ltr'><strong>po·</strong></span> 
     </span>
     <span class='ocr_line' id='line_1_25' title="bbox 488 3075 1553 3179; baseline -0.01 -29"><span class='ocrx_word' id='word_1_172' title='bbox 488 3084 616 3171; x_wconf 90' lang='lat' dir='ltr'><strong>pulum.</strong></span> <span class='ocrx_word' id='word_1_173' title='bbox 636 3086 682 3169; x_wconf 81' lang='lat'><strong>(5)</strong></span> <span class='ocrx_word' id='word_1_174' title='bbox 699 3083 896 3149; x_wconf 85' lang='lat' dir='ltr'><strong>Fundatum</strong></span> <span class='ocrx_word' id='word_1_175' title='bbox 912 3084 978 3149; x_wconf 88' lang='lat' dir='ltr'><strong>fuit</strong></span> <span class='ocrx_word' id='word_1_176' title='bbox 992 3082 1057 3148; x_wconf 88' lang='lat' dir='ltr'><strong>boc</strong></span> <span class='ocrx_word' id='word_1_177' title='bbox 1069 3080 1195 3147; x_wconf 88' lang='lat' dir='ltr'><strong>ieatum</strong></span> <span class='ocrx_word' id='word_1_178' title='bbox 1218 3078 1402 3179; x_wconf 46' lang='lat' dir='ltr'><strong>a&#39;Dootore</strong></span> <span class='ocrx_word' id='word_1_179' title='bbox 1417 3075 1441 3141; x_wconf 83' lang='lat' dir='ltr'>J</span> <span class='ocrx_word' id='word_1_180' title='bbox 1443 3096 1553 3140; x_wconf 91' lang='lat' dir='ltr'><strong>oanne</strong></span> 
     </span>
     <span class='ocr_line' id='line_1_26' title="bbox 489 3178 1554 3267; baseline -0.011 -13"><span class='ocrx_word' id='word_1_181' title='bbox 489 3187 614 3254; x_wconf 88' lang='lat' dir='ltr'><strong>Garcia</strong></span> <span class='ocrx_word' id='word_1_182' title='bbox 638 3186 778 3253; x_wconf 87' lang='lat' dir='ltr'><strong>Palacio</strong></span> <span class='ocrx_word' id='word_1_183' title='bbox 800 3187 881 3253; x_wconf 89' lang='lat' dir='ltr'><strong>dum</strong></span> <span class='ocrx_word' id='word_1_184' title='bbox 912 3191 1004 3253; x_wconf 90' lang='lat' dir='ltr'><strong>esset</strong></span> <span class='ocrx_word' id='word_1_185' title='bbox 1020 3183 1202 3250; x_wconf 88' lang='lat' dir='ltr'><strong>canonicus</strong></span> <span class='ocrx_word' id='word_1_186' title='bbox 1231 3178 1554 3267; x_wconf 83' lang='lat' dir='ltr'><strong>Angelopolitanus:</strong></span> 
     </span>
     <span class='ocr_line' id='line_1_27' title="bbox 489 3281 1554 3377; baseline -0.008 -21"><span class='ocrx_word' id='word_1_187' title='bbox 489 3290 546 3355; x_wconf 92' lang='lat' dir='ltr'><strong>hic</strong></span> <span class='ocrx_word' id='word_1_188' title='bbox 557 3290 680 3356; x_wconf 86' lang='lat' dir='ltr'><strong>deinde</strong></span> <span class='ocrx_word' id='word_1_189' title='bbox 696 3290 909 3377; x_wconf 85' lang='lat' dir='ltr'><strong>Dignitatem</strong></span> <span class='ocrx_word' id='word_1_190' title='bbox 933 3288 1084 3355; x_wconf 87' lang='lat' dir='ltr'><strong>obtinuit</strong></span> <span class='ocrx_word' id='word_1_191' title='bbox 1099 3286 1134 3351; x_wconf 91' lang='lat' dir='ltr'><strong>iu</strong></span> <span class='ocrx_word' id='word_1_192' title='bbox 1161 3283 1280 3349; x_wconf 89' lang='lat' dir='ltr'><strong>eadem</strong></span> <span class='ocrx_word' id='word_1_193' title='bbox 1295 3281 1554 3369; x_wconf 81' lang='lat' dir='ltr'><strong>Angelopolita·</strong></span> 
     </span>
     <span class='ocr_line' id='line_1_28' title="bbox 489 3384 1555 3477; baseline -0.009 -18"><span class='ocrx_word' id='word_1_194' title='bbox 489 3414 534 3459; x_wconf 88' lang='lat' dir='ltr'><strong>na</strong></span> <span class='ocrx_word' id='word_1_195' title='bbox 548 3393 756 3472; x_wconf 79' lang='lat' dir='ltr'><strong>Gathedrali,</strong></span> <span class='ocrx_word' id='word_1_196' title='bbox 773 3393 864 3459; x_wconf 89' lang='lat' dir='ltr'><strong>unde</strong></span> <span class='ocrx_word' id='word_1_197' title='bbox 880 3392 925 3458; x_wconf 90' lang='lat' dir='ltr'><strong>ad</strong></span> <span class='ocrx_word' id='word_1_198' title='bbox 940 3389 1243 3477; x_wconf 87' lang='lat' dir='ltr'><strong>Metropolitanum</strong></span> <span class='ocrx_word' id='word_1_199' title='bbox 1259 3384 1448 3453; x_wconf 87' lang='lat' dir='ltr'><strong>Ecclesiam</strong></span> <span class='ocrx_word' id='word_1_200' title='bbox 1462 3388 1555 3450; x_wconf 89' lang='lat' dir='ltr'><strong>tran·</strong></span> 
     </span>
     <span class='ocr_line' id='line_1_29' title="bbox 489 3488 1524 3582; baseline -0.011 -19"><span class='ocrx_word' id='word_1_201' title='bbox 489 3495 580 3574; x_wconf 87' lang='lat' dir='ltr'><strong>sivit,</strong></span> <span class='ocrx_word' id='word_1_202' title='bbox 596 3501 701 3582; x_wconf 88' lang='lat' dir='ltr'><strong>atque</strong></span> <span class='ocrx_word' id='word_1_203' title='bbox 716 3518 805 3561; x_wconf 88' lang='lat' dir='ltr'><strong>anno</strong></span> <span class='ocrx_word' id='word_1_204' title='bbox 823 3498 975 3561; x_wconf 71' lang='lat' dir='ltr'><strong>inanest</strong></span> <span class='ocrx_word' id='word_1_205' title='bbox 997 3496 1237 3581; x_wconf 85' lang='lat' dir='ltr'><strong>praesentatus</strong></span> <span class='ocrx_word' id='word_1_206' title='bbox 1251 3488 1458 3576; x_wconf 86' lang='lat' dir='ltr'><strong>Episcopus:</strong></span> <span class='ocrx_word' id='word_1_207' title='bbox 1477 3488 1524 3571; x_wconf 80' lang='lat'><strong>(6)</strong></span> 
     </span>
    </p>
   </div>
   <div class='ocr_carea' id='block_1_4' title="bbox 531 3706 1552 4183">
    <p class='ocr_par' dir='ltr' id='par_1_6' title="bbox 532 3706 1134 3785">
     <span class='ocr_line' id='line_1_30' title="bbox 532 3706 1134 3785; baseline -0.01 -18"><span class='ocrx_word' id='word_1_208' title='bbox 532 3711 574 3785; x_wconf 87' lang='lat'><strong>(1)</strong></span> <span class='ocrx_word' id='word_1_209' title='bbox 617 3706 738 3769; x_wconf 85' lang='lat' dir='ltr'><strong>Glorias</strong></span> <span class='ocrx_word' id='word_1_210' title='bbox 754 3708 793 3767; x_wconf 89' lang='lat' dir='ltr'><strong>de</strong></span> <span class='ocrx_word' id='word_1_211' title='bbox 808 3706 989 3783; x_wconf 79' lang='lat' dir='ltr'><strong>Quere&#39;turo,</strong></span> <span class='ocrx_word' id='word_1_212' title='bbox 1005 3724 1068 3781; x_wconf 85' lang='lat' dir='ltr'><strong>cap.</strong></span> <span class='ocrx_word' id='word_1_213' title='bbox 1091 3722 1134 3761; x_wconf 84' lang='grc' dir='ltr'><strong>ιο.</strong></span> 
     </span>
    </p>

    <p class='ocr_par' dir='ltr' id='par_1_7' title="bbox 532 3802 1045 3885">
     <span class='ocr_line' id='line_1_31' title="bbox 532 3802 1045 3885; baseline -0.004 -20"><span class='ocrx_word' id='word_1_214' title='bbox 532 3808 580 3885; x_wconf 79' lang='lat'><strong>(2)</strong></span> <span class='ocrx_word' id='word_1_215' title='bbox 623 3808 741 3867; x_wconf 85' lang='lat' dir='ltr'><strong>Glorias</strong></span> <span class='ocrx_word' id='word_1_216' title='bbox 757 3807 796 3865; x_wconf 87' lang='lat' dir='ltr'><strong>dc</strong></span> <span class='ocrx_word' id='word_1_217' title='bbox 812 3804 986 3881; x_wconf 84' lang='lat' dir='ltr'><strong>Quere&#39;taro,</strong></span> <span class='ocrx_word' id='word_1_218' title='bbox 1007 3802 1045 3863; x_wconf 88' lang='lat' dir='ltr'><strong>ib.</strong></span> 
     </span>
    </p>

    <p class='ocr_par' dir='ltr' id='par_1_8' title="bbox 531 3900 1456 3985">
     <span class='ocr_line' id='line_1_32' title="bbox 531 3900 1456 3985; baseline -0.008 -19"><span class='ocrx_word' id='word_1_219' title='bbox 531 3908 575 3985; x_wconf 80' lang='lat'><strong>(3)</strong></span> <span class='ocrx_word' id='word_1_220' title='bbox 620 3906 745 3965; x_wconf 85' lang='lat' dir='ltr'><strong>Estrelia</strong></span> <span class='ocrx_word' id='word_1_221' title='bbox 759 3904 808 3965; x_wconf 86' lang='lat' dir='ltr'><strong>del</strong></span> <span class='ocrx_word' id='word_1_222' title='bbox 825 3904 919 3962; x_wconf 85' lang='lat' dir='ltr'><strong>Norte</strong></span> <span class='ocrx_word' id='word_1_223' title='bbox 935 3904 973 3962; x_wconf 83' lang='lat' dir='ltr'><strong>de</strong></span> <span class='ocrx_word' id='word_1_224' title='bbox 991 3900 1119 3973; x_wconf 61' lang='lat' dir='ltr'><strong>lidrico,</strong></span> <span class='ocrx_word' id='word_1_225' title='bbox 1142 3920 1206 3979; x_wconf 88' lang='lat' dir='ltr'><strong>cap.</strong></span> <span class='ocrx_word' id='word_1_226' title='bbox 1226 3900 1370 3977; x_wconf 82' lang='lat' dir='ltr'><strong>31,ni1ur.</strong></span> <span class='ocrx_word' id='word_1_227' title='bbox 1388 3916 1456 3975; x_wconf 79' lang='lat'><strong>33²·</strong></span> 
     </span>
    </p>

    <p class='ocr_par' dir='ltr' id='par_1_9' title="bbox 534 4002 1128 4082">
     <span class='ocr_line' id='line_1_33' title="bbox 534 4002 1128 4082; baseline -0.01 -17"><span class='ocrx_word' id='word_1_228' title='bbox 534 4007 577 4082; x_wconf 83' lang='grc'><strong>(4)</strong></span> <span class='ocrx_word' id='word_1_229' title='bbox 621 4004 733 4065; x_wconf 88' lang='lat' dir='ltr'><strong>Bibliot</strong></span> <span class='ocrx_word' id='word_1_230' title='bbox 747 4016 800 4063; x_wconf 84' lang='lat' dir='ltr'><strong>art.</strong></span> <span class='ocrx_word' id='word_1_231' title='bbox 817 4005 845 4062; x_wconf 88' lang='lat' dir='ltr'><strong>S.</strong></span> <span class='ocrx_word' id='word_1_232' title='bbox 865 4002 980 4079; x_wconf 85' lang='lat' dir='ltr'><strong>Miguel</strong></span> <span class='ocrx_word' id='word_1_233' title='bbox 1004 4002 1033 4061; x_wconf 91' lang='lat' dir='ltr'><strong>P.</strong></span> <span class='ocrx_word' id='word_1_234' title='bbox 1050 4002 1128 4077; x_wconf 88' lang='lat' dir='ltr'><strong>Juan</strong></span> 
     </span>
    </p>

    <p class='ocr_par' dir='ltr' id='par_1_10' title="bbox 531 4094 1552 4183">
     <span class='ocr_line' id='line_1_34' title="bbox 531 4094 1552 4183; baseline -0.007 -19"><span class='ocrx_word' id='word_1_235' title='bbox 531 4106 575 4183; x_wconf 84' lang='lat'><strong>(5)</strong></span> <span class='ocrx_word' id='word_1_236' title='bbox 620 4101 784 4173; x_wconf 83' lang='lat' dir='ltr'><strong>Floreucia,</strong></span> <span class='ocrx_word' id='word_1_237' title='bbox 809 4102 936 4161; x_wconf 86' lang='lat' dir='ltr'><strong>Estrella</strong></span> <span class='ocrx_word' id='word_1_238' title='bbox 950 4100 998 4159; x_wconf 90' lang='lat' dir='ltr'><strong>del</strong></span> <span class='ocrx_word' id='word_1_239' title='bbox 1015 4100 1108 4159; x_wconf 87' lang='lat' dir='ltr'><strong>Norte</strong></span> <span class='ocrx_word' id='word_1_240' title='bbox 1123 4100 1162 4161; x_wconf 87' lang='lat' dir='ltr'><strong>de</strong></span> <span class='ocrx_word' id='word_1_241' title='bbox 1178 4095 1300 4159; x_wconf 69' lang='lat' dir='ltr'><strong>Mcxico</strong></span> <span class='ocrx_word' id='word_1_242' title='bbox 1321 4116 1386 4173; x_wconf 87' lang='lat' dir='ltr'><strong>cap.</strong></span> <span class='ocrx_word' id='word_1_243' title='bbox 1402 4114 1451 4171; x_wconf 83' lang='lat'><strong>31,</strong></span> <span class='ocrx_word' id='word_1_244' title='bbox 1467 4094 1552 4157; x_wconf 77' lang='lat' dir='ltr'><strong>num.</strong></span> 
     </span>
    </p>
   </div>
   <div class='ocr_carea' id='block_1_5' title="bbox 490 4221 1349 4382">
    <p class='ocr_par' dir='ltr' id='par_1_11' title="bbox 490 4221 1349 4382">
     <span class='ocr_line' id='line_1_35' title="bbox 490 4221 1349 4382; baseline -0.007 -20"><span class='ocrx_word' id='word_1_245' title='bbox 490 4221 575 4382; x_wconf 64' lang='lat'><strong>3³(36)</strong></span> <span class='ocrx_word' id='word_1_246' title='bbox 617 4298 723 4362; x_wconf 83' lang='lat' dir='ltr'><strong>Berist.</strong></span> <span class='ocrx_word' id='word_1_247' title='bbox 740 4297 860 4373; x_wconf 85' lang='lat' dir='ltr'><strong>Bibliot,</strong></span> <span class='ocrx_word' id='word_1_248' title='bbox 874 4310 927 4359; x_wconf 84' lang='lat' dir='ltr'><strong>art.</strong></span> <span class='ocrx_word' id='word_1_249' title='bbox 946 4296 1075 4359; x_wconf 85' lang='lat' dir='ltr'><strong>Palacio.</strong></span> <span class='ocrx_word' id='word_1_250' title='bbox 1092 4298 1129 4357; x_wconf 88' lang='lat' dir='ltr'><strong>D.</strong></span> <span class='ocrx_word' id='word_1_251' title='bbox 1144 4298 1222 4377; x_wconf 86' lang='lat' dir='ltr'><strong>Juan</strong></span> <span class='ocrx_word' id='word_1_252' title='bbox 1233 4292 1349 4357; x_wconf 77' lang='lat' dir='ltr'><strong>Garcia</strong></span> 
     </span>
    </p>
   </div>
   <div class='ocr_carea' id='block_1_6' title="bbox 0 0 1822 5217">
    <p class='ocr_par' dir='ltr' id='par_1_12' title="bbox 0 0 1822 5217">
     <span class='ocr_line' id='line_1_36' title="bbox 0 0 1822 5217; baseline 0 0"><span class='ocrx_word' id='word_1_253' title='bbox 0 0 1822 5217; x_wconf 95' lang='lat' dir='ltr'><strong> </strong></span> 
     </span>
    </p>
   </div>
  </div>
 </body>
</html>
