3625 5217
842 486 883 552 93

335 656 673 737 administrationem,
688 657 732 723 ad
757 657 938 743 religiosos
952 658 988 724 in
1022 658 1187 723 Tiuiiioioo
1214 657 1394 723 residenti-

334 758 399 825 bue
416 782 498 827 eura
512 758 716 846 pertinebat,
731 758 787 824 die
803 758 982 826 Sabbatho
998 760 1096 825 valde
1111 782 1210 825 moue
1230 760 1395 825 Tiuiiioico

335 884 405 929 rem
421 862 571 929 divinam
588 862 644 929 ille
670 861 797 929 adibat:
818 868 857 929 ut
869 868 984 929 autem
1000 862 1045 928 ed
1060 862 1181 929 collem
1216 863 1395 949 Tepeyuouo

335 962 462 1031 dietum
478 964 625 1045 advenit,
640 966 708 1051 jam
723 965 953 1031 illucescebat·
970 972 1105 1033 cautum
1116 988 1199 1053 ergo
1210 988 1317 1053 supra
1326 965 1394 1030 col-

335 1066 401 1133 lem
425 1068 557 1135 audivit
580 1068 680 1155 qnasi
695 1069 807 1135 avium
838 1070 1073 1158 plurimarum,
1104 1091 1249 1155 quarum
1264 1092 1339 1148 vox,
1355 1074 1395 1135 ut

335 1169 500 1249 oeeaabat,
512 1168 746 1235 illiooincolle
757 1169 963 1237 audiebatur
971 1194 1179 1259 repercussa
1204 1170 1395 1237 Suauisau-

335 1292 397 1359 pra
418 1270 565 1351 modum,
587 1278 690 1359 atque
714 1272 932 1361 gratissimus
960 1274 1020 1341 ille
1050 1278 1181 1351 eentum
1207 1272 1395 1361 Ooydeotou,

335 1380 370 1442 et
390 1376 573 1455 Tziuiizoan,
592 1377 637 1461 (l)
655 1377 807 1463 aliaeque
829 1398 972 1442 canorae
986 1398 1066 1441 uvea
1089 1375 1270 1443 dulcedine
1294 1398 1395 1465 aupe-

336 1476 441 1545 rabat
486 1478 669 1545 Admiraue
691 1480 788 1547 stetit
806 1480 830 1547 J
831 1502 959 1546 oannes
980 1478 1143 1557 Didaeue,
1164 1479 1320 1566 dixitque
1349 1480 1395 1545 ai-

333 1580 518 1669 bimetipai:
532 1582 696 1669 Nunquid
709 1584 774 1649 hoo
797 1582 960 1649 audiendi
971 1582 1096 1669 dignus
1122 1584 1214 1650 aum?
1240 1584 1396 1649 Hooior·

334 1685 619 1751 taeaeeomuium?
630 1686 780 1753 Ubinam
789 1686 881 1753 enm?
891 1685 1057 1771 Nunquid
1067 1686 1104 1751 in
1113 1686 1289 1773 perediae?
1299 1686 1395 1753 Nuu-

337 1787 421 1875 quid
438 1791 470 1854 in
482 1794 573 1855 terre
589 1789 744 1855 coelesti?
787 1789 916 1856 Oculos
937 1789 973 1853 in
988 1790 1110 1855 collem
1125 1790 1262 1855 levabat
1275 1813 1395 1857 ueram

335 1892 418 1959 solie
434 1898 556 1970 ortum,
573 1892 663 1958 unde
689 1892 850 1979 prodibat
878 1892 1037 1957 eoelestia
1051 1892 1121 1971 ille,
1136 1898 1173 1959 et
1202 1892 1396 1981 placidissi-

339 2014 414 2059 mua
429 1998 557 2059 oantua
603 1992 653 2059 Ut
679 2016 758 2057 vero
774 1996 894 2057 cantus
910 1990 1064 2069 cessavit,
1085 2014 1148 2057 neo
1161 1992 1229 2077 jam
1245 1992 1312 2058 init
1326 2016 1396 2058 am-

339 2098 431 2186 plius
445 2094 594 2173 auditne,
611 2101 767 2159 vocatum
783 2116 819 2159 ae
835 2092 968 2159 audivit
983 2114 1002 2158 e
1024 2092 1201 2179 superiore
1214 2097 1312 2179 parte
1327 2093 1397 2158 ool·

339 2200 392 2267 lis:
408 2197 525 2263 Dilecta
554 2194 691 2261 donnes
707 2194 828 2259 Diduoe
859 2196 905 2279 (2)
922 2192 1052 2258 dietum
1067 2196 1121 2258 eat
1143 2192 1184 2257 ei
1215 2192 1341 2259 Statim
1355 2194 1397 2259 il·

337 2303 392 2369 luo
407 2320 512 2365 auena
526 2300 580 2363 eet
596 2294 777 2361 ascendere
807 2294 897 2359 unde
913 2316 951 2359 ae
980 2292 1095 2357 vocari
1124 2292 1293 2379 cognovit:
1307 2292 1396 2359 nihil
1448 2367 1455 2377 ,

340 2402 487 2473 haesitet
515 2399 584 2478 ille,
601 2420 664 2463 neo
674 2396 846 2461 detinetur
871 2394 1083 2483 pavefactum
1113 2416 1233 2460 verum
1263 2393 1396 2473 alacris,

340 2519 375 2580 et
388 2508 541 2599 gaudens
557 2504 678 2571 collem
694 2500 856 2578 aseendit,
872 2500 955 2565 ilino
970 2498 1089 2565 oeulos
1103 2496 1285 2564 intendens
1306 2496 1398 2563 unde

341 2638 377 2681 se
393 2618 549 2680 vocaturn
561 2611 701 2677 audivit
719 2610 769 2677 Ut
783 2614 897 2675 autem
913 2628 1020 2692 supra
1031 2605 1151 2671 collem
1164 2600 1312 2679 advenit,
1328 2600 1401 2669 Do-

340 2718 466 2785 minam
481 2714 569 2781 vidit
591 2718 747 2793 stantem,
764 2734 852 2799 quae
874 2710 973 2776 illum
994 2712 1034 2774 ut
1048 2708 1159 2793 ipsam
1174 2704 1287 2771 adiret
1301 2724 1399 2769 voea-

341 2832 437 2843 ——n

382 2874 426 2947 (ι)
471 2872 507 2931 In
524 2873 624 2947 Opere
640 2866 794 2927 mexicano
817 2864 864 2925 cui
880 2862 986 2925 titulus
1000 2862 1046 2919 [a
1075 2859 1269 2929 Naturalezo,
1285 2870 1356 2917 tom.
1376 2860 1399 2929 1,

341 2968 371 3027 in
408 2968 554 3045 Cataiogo
582 2964 681 3025 avium
712 2964 933 3024 mexicunarum
950 2958 1065 3035 legitur:
1094 2957 1234 3033 Pyrango
1261 2956 1400 3033 hepartio,

340 3070 394 3128 Sw.
415 3066 752 3143 Coyoltalotl.-Tr0gon
762 3064 870 3141 puelia,
887 3060 997 3121 Gouid.
1019 3058 1195 3115 Tsinilzcau
1224 3056 1270 3115 De
1287 3053 1333 3114 his
1344 3052 1402 3113 avi-

343 3168 407 3236 bus,
424 3166 564 3243 primunt
580 3164 657 3223 bene
671 3178 795 3223 cantans
810 3163 947 3221 laudatur
961 3166 979 3219 a
995 3162 1024 3219 P.
1039 3156 1190 3233 Sahagum
1209 3166 1239 3214 et
1254 3172 1273 3213 a
1287 3156 1321 3213 P.
1335 3154 1402 3214 Cia·

343 3267 444 3344 vijer03
459 3284 489 3327 et
504 3268 582 3327 bene
596 3276 715 3325 cantare
741 3276 845 3323 notum
861 3276 916 3322 est:
940 3272 1086 3337 quantum
1102 3256 1142 3315 ad
1169 3256 1348 3326 secundam,
1363 3254 1403 3313 de

343 3372 406 3446 ejus
421 3366 619 3447 pulcherrimo
644 3362 760 3431 vestitu,
787 3382 848 3422 non
877 3362 917 3421 de
930 3359 1046 3435 optimo
1070 3366 1171 3425 cantu,
1203 3350 1403 3413 meminerunt

344 3468 487 3545 praedicti
508 3480 655 3538 auctores3
670 3475 699 3524 et
714 3464 821 3523 eodem
850 3480 938 3519 sensu
954 3460 993 3518 de
1004 3478 1039 3518 eu
1065 3468 1170 3518 tractat
1187 3452 1345 3530 Mrnrique
1372 3452 1403 3511 iu

345 3566 469 3627 articulo
483 3565 513 3625 in
527 3563 636 3625 additis
651 3562 681 3621 in
693 3574 763 3621 tom.
783 3577 821 3619 iv,
840 3557 939 3635 operis
967 3554 1114 3616 mexicani
1142 3556 1192 3613 La
1209 3552 1400 3618 Naturalm,

346 3678 375 3726 et
390 3666 447 3725 hoc
476 3680 586 3723 nomen
602 3660 629 3721 ei
645 3660 756 3729 tribuit,
790 3659 902 3733 Ttagou
928 3657 1108 3714 mexiconus.
1138 3654 1251 3712 Verum
1272 3650 1303 3709 in
1324 3648 1405 3709 Narv

346 3766 461 3823 ratione
475 3760 648 3832 Memnona,
660 3778 736 3836 quae
746 3756 794 3817 hic
806 3756 896 3815 latine
907 3754 1037 3823 vertitur,
1054 3751 1096 3812 nti
1107 3762 1197 3811 cantu
1212 3746 1406 3811 aestimabilis

352 3862 523 3923 naiman
538 3858 705 3920 adducitur.
741 3858 828 3932 Quae
843 3866 905 3913 erat
919 3854 993 3912 haec
1016 3870 1126 3912 canora
1152 3844 1229 3910 uvis?
1243 3845 1405 3931 ³Nunquid

347 3958 433 4039 periit
449 3960 513 4029 eius
527 3956 655 4035 species?

389 4042 433 4117 (2)
478 4040 639 4101 Mexicane
654 4038 728 4098 haec
742 4036 805 4097 duo
826 4034 964 4107 nomina,
980 4038 1124 4115 joannes,
1142 4034 1268 4105 Didace,
1295 4032 1407 4104 habent

348 4122 522 4199 perticu'am
537 4121 731 4179 affectuosam
747 4119 819 4187 trin,
836 4118 923 4198 quus
937 4117 1006 4176 loco
1020 4114 1069 4176 hic
1080 4115 1203 4203 ponitur
1230 4132 1343 4174 nomen
1358 4114 1408 4173 ad·

346 4202 490 4289 jectivum
505 4202 622 4269 Dr'lccte.
