3625 5217
1001 538 1065 607 208

551 714 626 783 139.
651 714 805 803 inopere
816 712 983 779 Ludorici
996 709 1135 790 Moreri,
1147 709 1202 775 oui
1214 708 1336 777 titulus
1352 706 1571 775 Didimmoirr

503 821 683 906 lictorique,
715 820 808 907 quod
826 820 971 908 hispane
1001 816 1177 886 transtulit
1206 822 1242 883 et
1267 814 1412 883 adauxit
1440 814 1482 881 D.
1507 813 1567 879 do·

503 926 590 1013 seph
605 926 787 1013 Miravely
810 925 1055 1001 Oasaderants,
1086 921 1122 987 in
1137 920 1252 999 verbe,
1268 921 1398 999 Mdoiro,
1415 941 1491 987 cum
1522 916 1564 983 de

502 1027 693 1093 intentione
722 1026 877 1113 erigendi
892 1025 928 1091 in
954 1024 1189 1111 Collegiatam,
1218 1023 1320 1102 illam,
1338 1046 1426 1111 quae
1452 1023 1565 1091 adhuo

503 1136 578 1197 erat
599 1130 814 1197 Perochialis
836 1130 994 1196 Ecclesia
1009 1130 1047 1195 B.
1065 1130 1112 1195 M.
1128 1128 1167 1196 V.
1184 1130 1227 1196 de
1254 1130 1469 1217 Guadalupe,
1496 1152 1564 1197 me·

503 1233 603 1300 minit
618 1233 898 1315 Guadalupeusis
913 1231 1160 1319 Apparitionis
1207 1234 1285 1299 Hoc
1308 1232 1343 1299 iu
1359 1238 1438 1299 tom.
1456 1235 1486 1311 6,
1503 1232 1565 1319 qui

502 1338 570 1405 fuit
586 1346 657 1427 typ.
673 1339 753 1406 edit.
789 1339 897 1404 Paris.
913 1360 1001 1402 anno
1018 1337 1111 1401 1753.
1143 1337 1231 1404 Prae
1248 1337 1357 1403 oculis
1373 1336 1485 1403 habeo
1501 1336 1565 1405 hoo

503 1466 603 1530 opus;
617 1448 652 1509 et
667 1442 773 1508 etiam
789 1441 972 1507 adducitur
989 1462 1009 1505 a
1024 1439 1150 1505 Guridi
1176 1440 1327 1507 Alcoser.
1345 1444 1390 1525 (1)

547 1654 617 1717 140.
640 1651 817 1738 Lozanoy
834 1650 1051 1737 Valdepeiias
1064 1648 1449 1716 FranciscusXarerius
1475 1648 1566 1715 Gua-

501 1757 702 1846 dalupenais
712 1756 951 1843 Apparitionis
963 1756 1118 1823 meminit
1130 1756 1165 1823 in
1181 1756 1329 1841 quodem
1345 1756 1509 1823 Poemats
1525 1754 1566 1821 de

500 1844 588 1939 Deo,
604 1864 675 1947 typ.
693 1860 774 1925 edit
791 1860 971 1925 Barcinon.
1004 1884 1093 1927 anno
1124 1860 1217 1927 1788.
1237 1861 1284 1941 (21
1318 1860 1477 1925 Fortasse
1509 1859 1565 1925 hio

502 1968 623 2029 auctor
637 1963 696 2029 ille
707 1962 782 2049 ipse
797 1968 851 2027 est
877 1962 913 2027 P.
931 1964 1136 2031 Francisous
1163 1966 1330 2033 Xaverius
1355 1962 1495 2028 Irozano
1524 1962 1567 2029 de

501 2064 766 2151 quoBoristain,
778 2064 824 2147 (3)
835 2062 896 2148 qui
920 2062 986 2130 luit
1002 2072 1103 2131 natus
1116 2066 1333 2152 Valdepeiias
1354 2064 1389 2129 in
1400 2061 1568 2129 Toletano

501 2167 768 2245 Archidioecesi,
781 2171 816 2231 et
827 2168 901 2231 Soc.
917 2167 1003 2233 Jesu
1016 2168 1173 2255 ingresus
1188 2175 1251 2245 est,
1266 2171 1369 2253 atque
1392 2165 1564 2231 Merinum

501 2271 649 2350 advenit,
673 2274 709 2337 et
723 2270 827 2335 simul
857 2290 933 2335 cum
949 2271 1052 2337 sociis
1077 2273 1154 2337 exul
1177 2271 1282 2337 exixit
1305 2294 1394 2336 anno
1423 2271 1515 2347 1767,
1532 2276 1567 2335 et

500 2374 645 2463 proinde
671 2374 846 2459 Europam
861 2372 997 2439 redidit.
1034 2374 1105 2451 llio,
1137 2375 1179 2440 de
1195 2398 1264 2460 quo
1280 2374 1464 2461 Beristain,
1496 2377 1565 2459 typ.

502 2473 613 2539 edidit
627 2473 827 2538 Barcinoue.
874 2472 939 2537 Lor
954 2473 1106 2537 retributor
1121 2474 1158 2539 de
1188 2475 1304 2560 Diony
1334 2474 1493 2539 mieterioe
1522 2473 1570 2537 del

502 2577 586 2643 Dios
610 2578 755 2641 Hombre.
790 2575 911 2640 Poemu
926 2596 960 2637 eu
990 2596 1077 2639 verso
1109 2578 1292 2655 tlmtellouo,
1310 2576 1490 2643 trodacoioo
1521 2576 1570 2641 det

500 2702 560 2767 que
573 2702 611 2745 eu
625 2680 725 2745 Latin
738 2679 868 2743 ecc-{oio
896 2678 923 2741 el
940 2678 978 2742 P.
1007 2680 1107 2763 Dieqo
1125 2680 1225 2759 abad,
1253 2680 1376 2745 Jeeuito
1393 2680 1566 2745 Marioouo.

502 2782 582 2849 Sive
605 2781 881 2857 numerianum,
898 2780 971 2845 sive
988 2788 1025 2846 ut
1041 2787 1195 2848 exterum
1223 2784 1350 2849 habeat
1360 2784 1468 2849 lector
1479 2783 1569 2849 huno

502 2892 687 2962 auctorem,
718 2885 880 2970 quoniam
912 2883 1037 2949 Mexici
1066 2908 1125 2971 per
1151 2886 1292 2973 aliquod
1315 2892 1450 2973 tempus
1475 2885 1570 2959 vixit,

502 2988 564 3055 sed
579 2994 676 3054 extra
690 2987 862 3053 Merinum
879 3010 980 3053 suum
1003 2988 1131 3054 Poema
1146 2996 1216 3077 typ.
1235 2990 1354 3070 edidit,
1371 2994 1406 3055 et
1436 2990 1568 3075 absque

501 3099 609 3165 dubio
624 3099 747 3165 saltem
764 3122 886 3187 magua
901 3123 942 3165 ex
969 3104 1067 3187 parte
1084 3105 1180 3165 extra
1210 3097 1381 3163 Merinum
1397 3095 1485 3162 illud
1501 3093 1568 3161 ela·

502 3207 646 3270 roravit,

545 3402 616 3468 141,
662 3399 791 3466 Aloedo
805 3400 846 3465 D.
866 3400 1047 3479 Antonius,
1074 3400 1215 3466 militari
1231 3398 1355 3465 honori
1372 3396 1569 3483 insignitus,

502 3506 538 3571 iu
554 3526 668 3591 opere,
680 3507 733 3569 cui
745 3502 869 3569 titulus
884 3504 1089 3568 De'criouorio
1111 3502 1291 3587 (1117111110
1307 3500 1455 3567 lr'stdrioo
1469 3500 1508 3565 dr
1522 3499 1571 3565 toa

503 3608 617 3675 Iadica
636 3608 846 3674 occidentales
861 3632 929 3673 non
953 3608 1058 3673 semel
1072 3608 1227 3673 meminit
1242 3608 1280 3673 B.
1298 3608 1345 3673 M.
1362 3608 1401 3675 V.
1419 3608 1461 3674 de
1477 3608 1569 3681 Gua-

501 3709 639 3799 dalupe,
670 3709 803 3776 scilicet
825 3710 861 3775 iu
876 3710 983 3775 verbo
1002 3710 1196 3795 Grozclolupe,
1228 3710 1379 3777 secundo
1405 3712 1493 3791 loco,
1510 3710 1568 3789 ibi,

506 3813 599 3879 Tr'ene
612 3814 639 3879 et
655 3815 767 3879 mismo
782 3814 909 3877 aomlffe
925 3834 967 3877 un
979 3814 1090 3899 prolato
1106 3813 1143 3877 de
1158 3813 1189 3877 lo
1207 3814 1321 3881 Narro
1340 3816 1482 3902 Eepurtu,
1505 3820 1568 3888 otc,

538 4020 583 4099 (r)
628 4021 691 4083 Ubi
706 4042 808 4099 supra.

536 4120 587 4197 (2)
631 4120 739 4181 Giridi
755 4122 890 4196 Atcrser,
907 4120 961 4181 ubi
977 4128 1076 4200 supra.

523 4219 579 4329 ·(3)
623 4219 790 4281 Bibliotera
806 4220 895 4297 Hisp.
912 4221 1041 4283 Annio.
1058 4234 1110 4283 art
1135 4224 1255 4285 Lozrno
1272 4226 1303 4287 P.
1321 4222 1482 4287 Francisco
1498 4224 1558 4286 Xa-

502 4336 572 4383 uer.
