3625 5217
931 572 999 655 tit

442 724 455 762 z
476 752 550 827 Nee
564 756 689 827 mium
722 756 753 827 ai
768 755 855 827 haee
868 738 1067 846 disquisitio
1084 746 1233 845 juridioa
1255 769 1326 822 non
1348 742 1500 819 invenie·

436 868 504 944 tur.
524 865 660 931 oonatat
673 860 765 929 enim
780 861 923 949 antiqua
944 858 1102 951 plurima.
1131 878 1220 947 qnae
1234 856 1272 925 in
1299 852 1496 943 Arohiepia·

435 954 548 1055 o'opali
561 964 718 1035 Merioeo
745 963 896 1033 Aruhivo
910 962 1080 1033 amervari
1101 964 1287 1052 oporteret.
1316 957 1499 1049 deperdita

434 1068 551 1139 inissa

450 1191 547 1289 ‘Hie
560 1194 674 1275 locum
688 1191 795 1261 habet
807 1190 896 1261 illud
918 1190 1106 1261 Oioeronia:
1149 1190 1235 1261 “Eat
1255 1188 1439 1261 ridiculum
1454 1190 1499 1259 ad

433 1318 579 1385 eaquae
605 1295 773 1364 habemus
787 1294 875 1363 nihil
903 1294 1030 1363 dioere:
1058 1316 1223 1383 quaerere
1252 1316 1342 1383 qnae
1370 1294 1498 1363 babere

434 1400 504 1477 don
525 1399 736 1489 poaenmua”
759 1399 806 1483 (1)
850 1398 1029 1484 Quaerunt
1043 1397 1231 1467 adremarii
1258 1395 1497 1487 Apparitionia

434 1503 528 1593 quod
539 1503 668 1572 babere
687 1524 755 1571 non
766 1523 951 1590 poeaumue
962 1504 1105 1591 propter
1116 1500 1286 1570 deieotum
1300 1499 1500 1591 Arohiepia·

434 1592 566 1697 adpalia
580 1604 721 1676 archivi:
736 1604 825 1673 nihil
837 1604 959 1673 dieunt
972 1603 1018 1672 ad
1043 1626 1085 1673 ea
1105 1626 1195 1693 quae
1216 1605 1393 1681 habemur.
1407 1605 1498 1673 auili-

433 1718 499 1793 oet,
513 1710 560 1779 ad
574 1708 858 1800 approbationem
868 1708 1100 1799 episcopalem
1111 1707 1350 1798 Apparitionia
1364 1731 1386 1776 a
1399 1710 1496 1779 Rmo.

386 1870 389 1877 .
434 1807 644 1905 Zimurraga
656 1840 767 1907 neque
780 1818 827 1887 ad
841 1818 876 1886 id
901 1824 1039 1909 tempus
1065 1818 1271 1901 eontinuam,
1285 1822 1323 1887 et
1347 1822 1400 1887 tot
1414 1822 1500 1887 tam-

434 1941 503 2009 que
517 1918 665 1989 diveraia
693 1920 806 1990 modia
834 1922 1033 2005 exhibitam,
1048 1928 1153 2013 prout
1175 1922 1212 1991 in
1240 1928 1442 2011 argumento
1456 1940 1499 1991 ex

436 2022 502 2090 bae
516 2020 764 2110 approbatione
779 2030 919 2113 sumpto
933 2032 1110 2095 ostensum
1125 2029 1188 2107 eat,
1203 2028 1241 2093 et
1260 2024 1373 2093 iuriae
1385 2030 1500 2093 oeten·

434 2110 531 2196 ditur
551 2125 588 2195 in
602 2126 845 2215 explanatione
860 2132 897 2196 et
919 2127 1199 2218 oomprobatione
1227 2127 1394 2198 historica
1406 2128 1496 2217 ejus·

435 2231 515 2303 dem
543 2230 736 2321 argumenti
757 2232 793 2297 in
808 2231 873 2298 hau
887 2233 932 2299 3.·
946 2232 1038 2300 Part
1053 2231 1330 2301 Dissertationie.

453 2353 675 2423 ÷Notandum
703 2352 846 2441 insuper
874 2351 969 2439 qnod
998 2352 1151 2443 audonis
1180 2352 1252 2422 illia
1273 2352 1499 2443 temporibus,

434 2462 578 2548 propter
606 2455 847 2526 Ministrorum
872 2478 1047 2525 aaororum
1071 2453 1236 2548 inopiam,
1261 2461 1297 2526 et
1308 2456 1498 2525 infidelium

434 2560 702 2641 multitudinem,
732 2560 770 2628 in
784 2581 933 2649 quornm
964 2560 1187 2630 conversione
1216 2582 1336 2629 omnea
1364 2559 1500 2629 laboru-

433 2663 520 2732 bant
540 2664 761 2746 inoeaaanter‚
784 2669 821 2733 et
834 2670 1019 2752 autequam
1035 2664 1228 2735 Concilium
1257 2662 1497 2735 Tridentinnm

434 2767 580 2839 iormam
593 2766 640 2835 ad
654 2766 911 2856 comprobanda
925 2767 1091 2837 miraonlt
1113 2766 1374 2857 praescriberet,
1389 2765 1500 2836 nulla·

434 2872 537 2936 tenna
550 2868 765 2937 neoeeaarine
779 2873 855 2937 erat
865 2885 1049 2958 proeeaaue
1062 2866 1231 2957 juridiona
1245 2892 1287 2939 eo
1302 2868 1414 2951 modo,
1429 2888 1500 2959 quo

435 2970 540 3038 bodie
554 2976 609 3039 eat
622 2970 660 3038 in
679 2992 755 3039 ueu

477 3128 556 3217 obj.
577 3130 752 3199 2-Anno
768 3132 862 3213 1556,
877 3130 935 3200 die
949 3131 971 3199 8
986 3131 1211 3221 Septembris,
1230 3131 1351 3201 tiexiei
1367 3133 1499 3202 oouoio·

434 3256 513 3317 nom
528 3233 619 3301 dixit
633 3232 670 3303 P.
685 3235 741 3303 Fr.
755 3234 962 3304 Franciroue
976 3235 1210 3319 Buetamaute,
1225 3236 1288 3327 qui
1302 3235 1500 3326 Apparitio·

435 3359 513 3406 nem
528 3338 568 3407 B.
583 3340 631 3407 Μ.
646 3339 687 3409 V.
703 3338 747 3407 de
775 3338 982 3429 Guadalupe
1012 3339 1192 3409 mauiieate
1207 3338 1356 3429 negavit,
1381 3340 1500 3409 dioene

435 3448 626 3539 Imaginem
641 3450 686 3518 ab
701 3450 782 3517 indo
795 3449 956 3547 quodam,
973 3450 1029 3518 oni
1052 3473 1177 3519 nomen
1192 3450 1342 3533 Marone,
1371 3450 1499 3541 pictam

434 3560 554 3650 ipiaae;
565 3567 669 3650 atque
684 3561 789 3630 etium
799 3561 964 3629 advorsus
979 3562 1111 3629 uultum
1120 3560 1232 3651 ipsius
1245 3560 1413 3651 Imaginie
1427 3584 1501 3631 ver·

434 3664 480 3732 ba
493 3664 586 3745 ieoit;
600 3663 694 3753 qnod
708 3665 849 3752 quidem
860 3665 1061 3735 scandalum
1073 3667 1210 3757 peperit
1218 3665 1255 3735 in
1269 3666 1500 3750 audientibus.

434 3790 475 3837 ao
488 3765 613 3837 deinde
623 3766 660 3837 in
669 3769 764 3837 urbe.
779 3768 828 3838 Et
836 3770 994 3857 quamvis
1002 3771 1113 3839 Rmna
1127 3770 1315 3851 Montniar,
1330 3770 1502 3846 aeonndnu

433 3862 634 3965 tinxieanne
648 3872 950 3963 Arobiepiaoopne,
960 3874 1106 3962 juridioe
1121 3872 1232 3963 egerit
1243 3873 1409 3944 adremon
1423 3898 1502 3944 oon*

434 3975 654 4058 oionutorem,
671 3999 789 4046 verum
804 3982 938 4047 secreto
952 3977 989 4046 id
1011 3977 1104 4047 ieoit.
1148 3980 1219 4049 Our
1233 4000 1302 4047 non
1316 3978 1455 4069 pnblioe
1470 3980 1501 4063 al

431 4078 693 4169 Apparitionem
708 4086 836 4150 oertam
851 4082 1023 4165 credebat,
1039 4088 1075 4152 et
1090 4082 1235 4153 maxime
1261 4104 1340 4153 oum
1366 4086 1500 4163 annaio:

367 4421 371 4430 .
471 4372 517 4479 (ι)
558 4372 641 4461 Qret.
655 4376 763 4463 prod.
783 4370 903 4464 licinio
925 4373 1049 4463 erebia.
