3625 5217
987 398 1049 468 128

489 571 659 641 concessit
673 572 847 660 plenarias
871 570 1102 659 indulgentias
1129 572 1413 640 Confraleruitati
1442 572 1477 639 in
1492 573 1545 639 ho

486 700 605 745 norem
620 678 658 743 B.
678 676 722 743 M.
740 676 779 741 V.
800 677 843 743 de
869 676 1074 764 Guadalupe
1091 682 1223 742 erectae
1240 677 1275 742 in
1305 674 1462 742 Ecclesia
1476 676 1544 741 Μο-

487 782 629 847 nestorii
645 780 1092 847 Marimi'franciscanorum
1104 783 1139 845 in
1152 780 1237 845 urbe
1253 780 1389 857 lismoi,
1406 776 1543 867 quarum'

488 913 557 957 una
571 891 770 959 lucrabatur
786 893 842 959 die
872 893 913 958 12
930 892 1142 971 Decembris,
1161 891 1301 977 quodie
1318 890 1543 959 Confraterni-

489 1004 544 1062 tas
561 996 819 1083 apparitionem
834 996 872 1061 Β.
891 994 937 1061 Μ.
955 994 1267 1082 l'.cleGuadal·.1pe
1284 994 1489 1061 celebrabat
1504 996 1545 1079 (l)

533 1099 830 1165 Praeclarissimae
855 1097 1080 1165 sacerdotum
1096 1098 1362 1186 Congregationi
1393 1098 1429 1163 in
1445 1098 1546 1164 hono·

491 1224 562 1269 rem
578 1204 617 1269 B.
635 1204 680 1269 M.
697 1202 736 1268 V.
754 1202 796 1268 de
812 1202 1016 1289 Guadalnpe
1033 1202 1067 1266 ia
1085 1202 1221 1269 civitate
1247 1201 1437 1285 Queretaro
1454 1222 1547 1267 cano·

491 1305 566 1370 nice
578 1311 721 1383 erectae,
734 1327 802 1369 non
814 1304 920 1371 semel
933 1302 1176 1389 indulgentias,
1194 1310 1229 1369 et
1244 1302 1374 1391 gratiae
1391 1324 1411 1367 n
1427 1300 1550 1369 Sancta

492 1404 581 1472 Sede
597 1404 797 1493 Apostolica
818 1404 914 1470 iners
930 1425 1118 1469 concessae.

536 1511 1550 1601 Anno1677SanctissimusPontifesIunocentinsXIprse-

495 1612 620 1679 dict'am
647 1614 953 1701 Congregationem
977 1616 1015 1681 B.
1033 1616 1079 1682 Μ.
1095 1616 1133 1681 V.
1158 1616 1200 1683 de
1231 1616 1441 1704 Guadalupe,
1458 1618 1493 1683 in
1509 1616 1551 1683 ci·

496 1717 602 1783 vitate
616 1716 806 1799 Queretaro
831 1719 1045 1799 existentem,
1063 1720 1260 1808 aggregavit
1275 1720 1552 1787 Confraternitati

497 1828 682 1895 Doctrinae
693 1831 908 1897 Christianae
920 1832 1049 1899 Romae
1060 1828 1229 1905 existenti,
1239 1826 1554 1893 communicatisin·

497 1929 692 2019 dulgentiis,
714 1934 839 1999 stallis
855 1934 975 2020 gratiis
997 1931 1277 2001 Confraternitati
1290 1932 1464 1995 Romanae
1482 1950 1555 1993 con-

498 2036 611 2102 cessis
654 2039 768 2123 Atque
793 2038 990 2124 praedictus
1017 2040 1178 2105 Summus
1200 2035 1371 2115 Pontifex,
1400 2038 1556 2121 praepter

498 2136 593 2214 alias,
610 2137 858 2225 indulgentiam
875 2142 1063 2227 plenariam
1081 2140 1342 2225 (inadulnpensi
1368 2138 1556 2223 Congrege-

499 2240 585 2305 tioni
606 2242 784 2321 concessit,
802 2243 1000 2309 lucrandam
1026 2244 1081 2309 die
1112 2246 1152 2309 12
1180 2243 1399 2321 Diciembris,
1425 2240 1560 2329 praesia

501 2343 723 2423 confessione,
747 2354 782 2411 et
811 2348 1074 2413 Sanctissimnm
1102 2346 1340 2413 Eucharistiae
1368 2346 1560 2411 Sacramen-

501 2454 573 2513 tum
589 2446 931 2535 dignesuscipieudo.
951 2453 995 2533 (2)
1041 2452 1093 2516 Eo
1120 2456 1233 2516 antem
1265 2448 1320 2515 die
1337 2448 1560 2533 congregatio

500 2552 760 2639 Apparitionem
777 2554 815 2618 B.
833 2555 879 2619 Μ.
897 2554 936 2620 V.
955 2554 996 2620 de
1013 2554 1253 2641 Guadalalupe
1271 2554 1476 2627 celebrabat

543 2654 643 2721 Auno
672 2657 755 2722 1691
786 2658 1032 2725 Sanctissimae
1057 2657 1215 2723 Pontifex
1233 2658 1456 2723 Innocentius
1478 2654 1559 2725 XII.

503 2763 638 2844 praeter
665 2760 750 2825 alias
778 2761 1018 2845 indulgentias,
1044 2763 1213 2827 concessit
1230 2761 1475 2829 Sacerdotibus
1491 2782 1560 2827 eae·

504 2862 678 2929 cularibus
693 2864 846 2949 ejns‹lem
861 2866 1144 2951 Congregationis
1166 2866 1443 2953 (lnarlalupensis
1470 2864 1504 2930 in
1521 2865 1563 2928 ci-

506 2972 609 3039 uitate
622 2973 812 3055 Queretaro
823 2974 1014 3049 existentis,
1035 2974 1221 3059 plenariam
1239 2971 1486 3055 indulgentiam
1504 2992 1564 3057 pro

505 3083 628 3147 ‹lerota
643 3081 839 3147 visitatione
856 3080 991 3167 Templi
1004 3078 1282 3164 flrrnrlalupensis
1298 3076 1353 3141 die
1368 3076 1408 3141 12
1424 3076 1563 3141 Decem·

506 3186 587 3251 bris.
608 3186 654 3265 (3)
780 3184 786 3193 ’

549 3288 794 3355 Sanctissimae
824 3288 984 3353 Pontifex
1015 3286 1225 3352 Benedictus
1256 3284 1347 3349 XIII
1378 3284 1565 3350 Ecclesiam

505 3392 806 3481 Gandalupensem
816 3393 1011 3477 praedictae
1022 3388 1305 3475 (bagregationis
1318 3386 1468 3453 civitatis
1478 3386 1565 3469 Que-

507 3504 592 3573 taro,
608 3498 782 3565 Romanae
797 3496 1021 3565 Lateranensi
1037 3494 1211 3562 Ecclesiae
1242 3492 1361 3567 univit,
1388 3496 1568 3578 propterea

508 3602 719 3687 quodquam
749 3602 907 3690 plurimis
938 3598 1161 3685 indulgentiis
1191 3596 1456 3683 Gunelalupense
1488 3600 1570 3659 tem-

510 3688 604 3774 plum
621 3689 771 3756 civitatis
786 3690 976 3773 Queretaro
993 3686 1139 3751 ditatum
1157 3684 1229 3750 fuit
1250 3686 1294 3758 (fl

551 3863 596 3939 (ι)
640 3865 803 3940 Oquend0‚
822 3860 932 3921 Disser.
950 3862 1050 3920 histor.
1069 3860 1155 3918 sobre
1171 3859 1198 3917 la
1227 3856 1397 3935 Aparicion,
1413 3868 1481 3922 ete,
1498 3865 1568 3913 torn.

514 3948 556 4015 11,
571 3963 635 4025 cap.
653 3948 681 4013 8,
696 3947 711 4021 ἓ
728 3966 753 4017 1,
768 3944 852 4005 adm.
869 3945 939 4003 606.

552 4024 597 4103 (ι)
640 4027 760 4089 Gloriae
773 4028 812 4087 de
823 4026 999 4102 Queretaro,
1018 4042 1083 4102 cap.
1101 4024 1153 4083 IX.

553 4108 584 4184 (3
641 4108 759 4171 Glorias
773 4109 812 4170 de
826 4106 1004 4185 Queretaro,
1017 4104 1057 4166 ib.

554 4188 585 4265 (4
641 4190 761 4253 Gloriae
774 4187 1002 4269 deQuerdtaro,
1016 4184 1057 4247 ib.
