3625 5217
745 576 809 649 133

287 744 349 817 88.
361 748 406 821 D.
423 746 612 841 Gregorius
636 752 724 822 XVI
737 753 774 821 in
788 751 894 819 Bulla
909 751 952 819 de
984 752 1120 819 dierum
1150 751 1318 821 festorum

247 851 453 935 reductione,
463 856 534 923 diei
546 858 588 925 17
599 856 686 924 Maii
698 861 777 925 euni
790 858 886 936 1839,
897 856 1095 945 suppressis
1108 856 1317 943 quibusdem

247 976 288 1021 ex
302 956 401 1025 lestis
415 958 550 1039 diebus,
579 961 642 1047 qni
669 960 797 1028 Marici
820 960 1057 1041 servabantur,
1087 966 1255 1047 quantum
1272 959 1316 1026 ed

248 1063 336 1133 festa
349 1066 387 1132 in
402 1067 567 1135 honorem
590 1068 630 1136 B.
658 1070 707 1137 Μ.
722 1070 774 1151 V,
791 1094 849 1138 sex
866 1070 1018 1157 reliquit,
1033 1092 1122 1157 quae
1156 1069 1318 1157 deinceps

254 1166 377 1237 Marici
391 1178 507 1239 essent
527 1172 695 1241 servanda
707 1196 783 1242 cum
798 1174 1009 1261 obligatione
1019 1173 1164 1241 Missam
1180 1172 1319 1271 audien·

253 1276 300 1357 di,
315 1286 352 1346 et
366 1282 521 1351 cessandi
537 1284 582 1349 ab
597 1284 763 1372 operibus
789 1284 986 1364 servilibns3
1001 1288 1104 1371 etque
1120 1284 1156 1351 in
1182 1283 1253 1351 illie
1269 1304 1320 1347 re*

257 1414 391 1460 manere
406 1394 566 1476 decrevit,
582 1396 676 1483 quod
690 1396 759 1483 jam
786 1394 990 1463 servabatur
1004 1393 1129 1461 festum
1158 1391 1198 1459 B.
1216 1390 1263 1459 M.
1279 1392 1318 1459 V.

257 1494 299 1561 de
305 1496 526 1587 ‘Gundolupa;
537 1503 583 1585 (1)
596 1502 689 1587 quod
700 1502 744 1568 ab
754 1500 912 1567 omnibus
925 1498 1152 1567 libentissime
1163 1496 1322 1577 observa·

258 1604 322 1679 tur,
334 1606 371 1667 et
384 1624 426 1668 ex
440 1604 637 1671 obedientia
652 1604 771 1673 debita
781 1602 1006 1671 Sanctissimo
1022 1600 1153 1669 Christi
1174 1600 1321 1680 Vicerio,

258 1707 293 1767 et
303 1708 613 1792 proptererimiom
630 1730 780 1775 amorem
793 1730 875 1794 erga
889 1708 1001 1795 ipsam
1017 1705 1085 1773 Dei
1100 1703 1320 1781 Genitrioem,

259 1826 356 1893 quae,
368 1810 495 1899 insigni
505 1812 744 1901 apparitionis
756 1812 933 1891 beneficio,
945 1808 1215 1897 praeclarissime
1226 1828 1323 1875 suem

260 1910 297 1977 in
310 1934 373 1979 nos
388 1914 591 1983 charitatem
607 1915 771 1983 ostendit.

303 2016 546 2116 Spnctissimus
561 2020 719 2089 Pontifex
734 2018 819 2087 Pius
831 2018 887 2085 IX
901 2014 1134 2105 indulgentias
1156 2012 1327 2081 concessit

263 2118 533 2191 confraternitati
547 2124 586 2191 B.
610 2126 657 2193 Μ
674 2125 714 2192 V.
745 2124 789 2191 de
812 2121 1027 2209 Guadalupe,
1044 2124 1177 2186 erectae
1200 2116 1237 2181 in
1252 2114 1326 2202 ejus

263 2224 479 2293 Ecclesiam
507 2228 646 2297 civitate
676 2228 930 2297 Guadalaxaro:
961 2225 1017 2292 cni
1047 2221 1329 2293 Confreterniteti

265 2336 431 2415 perpetua
445 2332 569 2399 Sacrae
598 2332 765 2419 Imaginis
779 2332 823 2397 de
847 2328 1054 2415 Guadelupe
1085 2326 1121 2393 in
1136 2326 1199 2391 illa
1213 2323 1332 2391 Eccle-

267 2430 327 2510 sia,
343 2454 406 2520 per
420 2432 511 2500 diem
527 2442 562 2503 et
590 2459 652 2525 per
668 2438 820 2523 aliquam
844 2436 957 2503 noctis
980 2439 1124 2523 partem,
1155 2430 1331 2501 veneratio

267 2532 443 2617 incumbit,
454 2538 684 2607 confratribus
696 2521 893 2605 alternatim
903 2536 972 2603 sibi
989 2535 1263 2614 succedentibus,
1270 2535 1333 2621 qui

269 2638 454 2728 Deiparam
480 2642 523 2709 de
552 2642 756 2731 Guedalope
787 2646 995 2708 venerantur
1022 2640 1183 2707 condoles
1213 2658 1332 2705 aecen-

270 2764 327 2811 sas
341 2748 421 2811 onte
443 2745 555 2833 ipsam
575 2750 740 2813 tenentis
774 2744 874 2811 Inter
903 2742 981 2808 illae
997 2740 1239 2831 indulgentias,
1255 2762 1334 2807 oon·

271 2849 375 2915 cessit
383 2840 546 2916 Summus
554 2846 719 2915 Pontifex
732 2869 836 2914 unam
851 2866 911 2913 sax
917 2844 1033 2931 aginta
1044 2844 1188 2921 dierum,
1200 2841 1333 2909 lucran-

271 2950 350 3017 dam
365 2973 387 3017 a
401 2950 625 3029 confratibus,
648 2952 709 3039 qui
724 2974 788 3039 per
803 2948 965 3018 dimidiae
981 2948 1087 3015 horae
1100 2944 1260 3035 spatium,
1281 2966 1335 3011 ao·

273 3077 408 3123 oensem
423 3060 580 3123 tenentes
595 3056 783 3137 candelam,
794 3054 1010 3125 venerationi
1022 3053 1134 3141 ipsius
1160 3053 1198 3119 Β.
1229 3052 1277 3121 Μ
1293 3050 1333 3117 V.

270 3156 530 3248 deGuadalnpe
546 3181 687 3247 operam
708 3160 840 3227 darent
859 3161 906 3245 (2)
1338 3162 1342 3171 '

316 3260 414 3329 Idem
430 3260 592 3329 Summus
606 3262 767 3331 Pontifex
781 3265 866 3330 Pius
879 3264 935 3329 IX
950 3260 1120 3329 concessit
1144 3260 1338 3349 privilegia·

275 3370 349 3435 tum
365 3389 441 3435 esee
472 3370 618 3457 siugulis
633 3368 757 3436 diebus
772 3370 880 3435 altare
906 3368 1018 3453 majus
1042 3366 1150 3455 ipsius
1163 3366 1339 3433 Ecclesiae

276 3470 555 3563 Guedalupeusis
585 3473 732 3540 civitatis
749 3470 1017 3547 Guadalaxaree‚
1041 3470 1162 3557 inquo
1177 3468 1216 3536 B.
1234 3468 1282 3537 Μ.
1298 3468 1338 3535 V.

278 3573 321 3643 de
336 3575 540 3665 Guadalupe
551 3576 672 3665 Imago
687 3580 876 3643 veneratur.
899 3574 1015 3659 Atque
1031 3572 1133 3639 etiam
1151 3571 1340 3661 plenariam

278 3678 527 3772 indulgentiam
538 3679 707 3747 concessit
718 3680 754 3745 in
765 3677 886 3745 eedem
896 3676 1053 3745 Ecclesia
1067 3674 1266 3743 lucrandam
1286 3673 1342 3741 die

279 3782 319 3851 lt
334 3782 607 3870 uniuscujusque
619 3782 756 3851 mensis
782 3782 828 3866 (3)

323 3958 368 4035 (1)
411 3960 499 4020 Haec
513 3957 610 4029 Bulla,
627 3956 766 4033 Hispane
780 3956 928 4023 translata,
944 3952 1072 4014 habetur
1086 3962 1154 4029 post
1167 3952 1343 4015 Annotetio

282 4058 336 4105 nee
353 4042 386 4101 Ρ.
401 4040 555 4118 Aniltaga
570 4040 638 4102 Soc·
655 4041 737 4116 Jesu,
765 4038 805 4097 ad
819 4035 987 4095 Concilium
1013 4036 1064 4095 111
1080 4032 1285 4107 Mexicanum,
1313 4032 1343 4091 in

285 4122 588 4206 appendice-Typ.
603 4122 653 4181 ed.
670 4118 780 4181 Mexici
793 4136 876 4177 enno
893 4118 980 4195 1859.

313 4208 368 4298 .l²)
411 4205 459 4265 lta
473 4216 593 4264 constat
607 4204 639 4263 in
653 4201 823 4265 Summano
847 4196 1111 4277 indulgentiarum,
1133 4196 1217 4274 quod
1232 4194 1347 4257 conire·

286 4288 378 4447 tnpp's
390 4286 591 4429 diidrdoustat
604 4364 636 4427 iu
651 4362 820 4425 summario
840 4360 888 4423 cit.

1222 4436 1264 4505 17
