3625 5217
955 582 1024 657 236

465 759 661 851 proedictas
675 770 805 848 preces,
821 766 858 829 et
871 760 1155 851 Tepeyaquensis
1176 762 1312 853 Templi
1329 762 1459 833 cultum
1474 752 1531 832 do³

463 871 678 937 ratissimum
694 873 856 934 astruere.
901 868 1098 933 Notandum
1122 868 1269 955 denique
1286 874 1393 935 testes
1409 868 1451 934 ds
1468 890 1529 955 pu·

462 975 553 1042 bliee
565 975 673 1052 scitis,
684 973 774 1039 etde
786 973 916 1040 auditis
929 975 973 1040 ab
985 974 1054 1041 illis
1066 976 1126 1062 qai
1139 976 1308 1053 viderunt,
1321 976 1375 1042 vel
1388 974 1431 1043 ds
1447 974 1527 1049 illis.

464 1102 554 1167 quae
568 1078 638 1165 ipsi
654 1076 814 1143 viderunt
829 1076 1063 1144 testimonium
1080 1079 1284 1145 reddidisse.

504 1202 605 1268 Anno
622 1201 715 1277 1600,
730 1206 872 1266 vacante
882 1205 964 1266 tunc
980 1200 1068 1267 Sede
1081 1200 1387 1289 Archiepiscopali,
1404 1202 1527 1266 Metro-

334 1340 339 1347 ,
463 1308 652 1395 politanum
672 1303 859 1368 tiexiceum
888 1302 1086 1390 Capitulum
1117 1303 1159 1369 de
1176 1302 1527 1391 ampliandoTemplo

462 1414 501 1479 B.
517 1410 562 1477 M
575 1409 613 1476 V.
630 1410 672 1475 de
686 1407 889 1495 Guadalupe
902 1406 945 1472 ad
958 1406 1062 1494 Tepsv
1076 1408 1166 1474 acatl
1181 1408 1357 1474 decretum
1371 1408 1461 1475 feeit
1481 1410 1526 1489 (1)

516 1536 616 1600 Anno
645 1530 729 1597 1609
755 1528 903 1613 primum
934 1528 1012 1592 novi
1035 1528 1170 1616 Templi
1202 1529 1351 1615 lapidem
1381 1530 1526 1597 colloca·

462 1636 511 1702 vit
541 1634 650 1700 Rmus
665 1632 707 1696 D.
738 1629 943 1695 Franciscus
970 1628 1094 1695 Garcia
1109 1628 1151 1695 de
1168 1631 1201 1696 la
1218 1632 1361 1709 Gnerra,
1378 1632 1526 1699 111ιί11-

461 1735 840 1823 nusArohiepiscopus.
874 1734 920 1814 (2)
952 1732 1063 1797 Simul
1092 1756 1131 1797 ac
1148 1738 1278 1821 primus
1305 1733 1406 1821 lapis,
1436 1734 1524 1801 duae

462 1840 624 1932 plumbae
639 1838 786 1905 laminae
802 1836 980 1922 depositae
1011 1833 1161 1915 fuerunt;
1177 1845 1280 1925 atque
1298 1860 1367 1905 una
1396 1861 1437 1905 ex
1454 1839 1524 1905 illis

462 1948 549 2012 hanc
565 1942 688 2011 habuit
702 1940 970 2025 inscriptionem:

505 2064 568 2130 “D.
582 2062 621 2128 0.
634 2061 692 2139 M„
708 2058 935 2125 Beatissimae
947 2057 1081 2145 Virgini
1094 2058 1235 2139 Mariae,
1251 2061 1404 2149 Reginae
1415 2064 1523 2129 coelo·

461 2192 547 2246 rum,
563 2177 599 2233 et
610 2164 809 2230 Merieanae
825 2162 1026 2228 Provinciae
1050 2148 1342 2255 singularissimas
1354 2166 1523 2235 Patronae

461 2272 625 2339 sacellum
640 2266 865 2333 hoedicatum
877 2264 953 2341 fuit,
971 2270 1037 2330 eta
1054 2264 1174 2351 primis
1185 2265 1418 2335 fundamentis
1433 2292 1522 2336 erec-

460 2382 544 2454 tum,
561 2368 805 2440 interveniente
815 2368 1107 2455 eleemosynarum
1122 2370 1359 2456 copiosissima
1403 2428 1429 2439 ..
1446 2374 1523 2439 ,tio-

461 2511 511 2555 ne.
541 2488 587 2572 (3)
603 2485 703 2551 Anno
719 2478 860 2544 Domini
877 2480 969 2544 1609.
988 2482 1033 2562 (4)

502 2610 665 2675 Extracta
694 2607 739 2673 ab
754 2606 859 2671 hamo
889 2604 1056 2671 iuithaec
1083 2606 1246 2691 plumbea
1277 2608 1403 2674 lamina
1433 2632 1522 2677 anno

460 2713 554 2791 1695,
571 2733 674 2779 causa
702 2709 880 2797 amplioris
906 2708 1026 2795 templi
1044 2712 1076 2774 in
1092 2710 1256 2776 honorem
1287 2712 1325 2777 B.
1353 2714 1397 2779 M.
1425 2714 1464 2779 V.
1480 2715 1521 2781 de

459 2814 663 2901 Guadalupe
679 2812 887 2879 aedificandi.
914 2814 959 2897 (5)
977 2812 1019 2878 In
1034 2835 1075 2878 ea
1090 2812 1313 2899 inscriptione
1336 2817 1522 2907 eleemosy-

459 2942 579 2987 aarum
594 2919 809 3004 largitionem
835 2916 1104 3003 copiosissimam
1134 2918 1239 2983 tuisse
1270 2926 1404 2987 constat
1432 2942 1521 2987 anno

459 3024 553 3102 1699,
569 3022 660 3089 unde
675 3020 840 3086 invictum
856 3020 1038 3086 deducitur
1053 3028 1289 3107 argumentum
1321 3044 1384 3109 pro
1401 3045 1520 3111 magna

458 3128 639 3195 devotione
655 3148 737 3213 erga
751 3124 789 3191 B.
806 3125 852 3189 M.
868 3125 906 3190 V.
925 3125 967 3193 de
984 3124 1196 3211 Guadalupe.

500 3248 600 3315 Anno
616 3248 698 3313 1611
727 3246 802 3332 ipse
818 3246 1017 3313 Mexicanus
1033 3245 1187 3311 Antiates
1217 3246 1250 3311 D
1275 3246 1401 3315 Garcia
1413 3248 1518 3318 Guer-

458 3378 506 3433 ra,
522 3354 591 3421 Pro
605 3355 679 3422 Rex
694 3353 889 3419 Merioanus
905 3351 970 3417 fuit
986 3350 1204 3427 constitutue;
1217 3356 1319 3436 atque
1336 3360 1517 3442 antequam

499 3652 542 3727 (1)
586 3650 726 3720 Gabreta,
745 3650 868 3709 Escudo
883 3650 923 3707 de
940 3650 1047 3707 Armis
1062 3648 1101 3707 de
1118 3644 1250 3706 Mixico.
1268 3647 1318 3707 lib.
1352 3666 1381 3725 3,
1398 3670 1462 3729 cap.
1485 3672 1516 3729 ¹7

458 3778 540 3819 num.
559 3777 625 3834 707.

499 3858 545 3932 (1)
588 3856 751 3933 Oquendo,
767 3855 861 3915 Diser.
874 3851 1016 3914 historica
1028 3854 1116 3913 sobre
1131 3854 1158 3911 la
1174 3851 1332 3929 Aparicion
1360 3865 1428 3925 etc..
1445 3870 1516 3919 rom.

459 3979 485 4029 r,
503 3976 568 4035 cap.
586 3958 613 4024 8,
630 3955 646 4033 5
661 3976 687 4025 2,
703 3974 785 4014 auin.
803 3956 872 4026 624.

498 4055 543 4131 (3)
586 4055 780 4133 Principium
797 4056 888 4131 hujus
903 4054 1050 4114 dictionis
1066 4050 1178 4115 interiit
1200 4052 1308 4131 injuria
1324 4058 1476 4133 temporis.

497 4156 541 4232 (4)
584 4154 724 4225 Cabrcra,
742 4156 865 4215 Escudo
880 4154 918 4215 de
933 4154 1044 4214 Armes
1059 4154 1097 4214 de
1113 4154 1250 4226 mesico,
1277 4154 1324 4217 lib.
1342 4174 1371 4231 3,
1387 4176 1452 4235 cap.
1473 4176 1515 4233 rr.

455 4252 537 4315 adm.
557 4252 773 4329 (σᾶ-1111111,
789 4252 897 4315 Diseru
914 4252 1098 4313 histor-erit
1119 4253 1159 4313 de
1174 4256 1202 4313 la
1216 4256 1391 4333 Apataioi,
1405 4258 1421 4337 i
1435 4257 1462 4321 8.

498 4353 543 4435 (5)
586 4349 760 4441 9116616.-
