3625 5217
784 608 849 677 24⁷

287 780 402 849 Sancti
418 782 602 860 Dominici,
618 788 654 849 et
668 782 785 849 Sancti
802 782 996 868 Augustini,
1020 788 1055 849 et
1071 782 1346 865 Carmelitarum,

286 892 323 953 et
344 884 528 952 Societatis
542 886 639 963 Jesu,
662 908 794 951 necnon
809 892 844 951 et
866 886 1020 971 ipsarum
1051 886 1270 973 Religionum
1286 889 1346 955 alii

287 990 352 1056 viri
366 990 550 1079 graviores,
566 998 602 1057 et
623 994 799 1059 saeculare
823 992 1023 1079 Capitulum
1048 992 1208 1061 civitatis.
1233 996 1280 1081 (1)

331 1110 432 1193 Quod
447 1110 645 1197 hujusmodi
669 1112 793 1199 petitio
809 1112 963 1199 praecise
985 1111 1076 1178 iacta
1092 1114 1196 1180 inerit
1212 1138 1274 1203 pro
1290 1117 1351 1182 ho·

288 1213 441 1281 uorauda
465 1216 692 1301 Apparitioue
708 1216 746 1281 B.
764 1216 811 1281 M.
828 1216 867 1281 V.
899 1215 942 1281 de
972 1215 1177 1303 Guadalupe
1208 1224 1352 1305 apparet
1475 1272 1478 1279 .

289 1321 483 1387 exdecreto
508 1322 685 1410 Episcopi,
716 1325 749 1387 in
779 1344 848 1407 quo
864 1320 1066 1407 petitionem
1082 1322 1156 1387 fieri
1182 1323 1350 1411 permisit,

290 1423 411 1511 etipse
423 1424 514 1501 iecit,
531 1426 732 1491 affirmando
746 1425 987 1513 Appetitionis
1003 1428 1189 1505 veritatem,
1206 1432 1241 1492 et
1256 1448 1353 1495 cons·

290 1532 419 1593 tantem
435 1528 643 1614 populorum
673 1528 892 1595 devotionem
922 1551 1005 1615 erga
1019 1529 1058 1594 B.
1075 1529 1121 1594 M.
1139 1529 1177 1596 V.
1195 1529 1237 1596 de
1260 1529 1353 1597 Gna·

291 1647 425 1734 dalupe.
443 1650 491 1729 (2)

333 1771 433 1835 Anno
448 1772 532 1837 1665
547 1770 735 1837 translatus
765 1769 832 1835 init
846 1770 956 1835 Rmus
982 1768 1115 1835 Cuevas
1144 1768 1295 1837 Davalos
1311 1770 1354 1839 de

292 1874 509 1960 Ossaqueusi
527 1874 684 1941 Dioccesi
697 1874 741 1941 ad
756 1873 1047 1940 Archidioecesim
1064 1872 1287 1939 Mexicanam.
1308 1876 1354 1959 (3)

292 1978 383 2043 Dum
404 2000 485 2043 vero
514 1977 774 2064 Ossaquensem
797 1976 993 2042 Dioecesim
1009 1977 1159 2063 regebat,
1176 1982 1272 2043 extra
1287 2002 1353 2045 mu.

291 2088 348 2149 ros
363 2082 514 2148 civitatis
532 2082 739 2169 episcopalis
755 2081 921 2167 templum
938 2080 1066 2147 struxit
1080 2080 1115 2147 iu
1131 2080 1295 2147 honorem
1311 2083 1357 2148 B·

292 2186 338 2253 Μ.
354 2187 393 2252 V.
411 2186 453 2253 de
477 2186 691 2271 Guarialupe.
717 2186 763 2267 (4)

334 2310 434 2385 Anno
451 2308 535 2373 1665
557 2312 712 2372 recenter
734 2304 882 2372 adducta
896 2308 971 2371 erat
986 2304 1022 2370 in
1038 2304 1210 2371 civitatem
1226 2305 1358 2391 episco-

294 2414 416 2500 palem,
447 2414 499 2477 cui
516 2434 639 2477 nomeu
666 2411 835 2487 Ouxacan,
866 2408 1035 2495 quasdem
1051 2408 1171 2495 Imago
1186 2408 1225 2475 B.
1243 2409 1289 2474 M.
1320 2406 1356 2475 V.

293 2514 564 2603 deGuadulupe,
581 2516 617 2580 in
647 2514 745 2601 cujus
775 2514 950 2585 honorem,
981 2518 1020 2579 ut
1049 2518 1127 2578 unte
1151 2512 1359 2591 dictumest,

294 2616 473 2703 Templum
503 2607 577 2683 crat
605 2622 765 2683 erectum.
810 2614 993 2680 Praedicto
1024 2613 1129 2701 igitur
1158 2636 1248 2679 anno
1275 2613 1359 2679 1665

294 2720 348 2785 Fr.
364 2721 515 2786 Thomas
530 2720 573 2785 de
595 2720 823 2797 Monterroso,
840 2716 1081 2803 Oaxaquensis
1096 2716 1301 2803 Episcopus,
1317 2714 1360 2783 de

294 2826 465 2892 sententia
483 2824 722 2911 religiosorum
734 2824 897 2901 vivorum,
912 2830 946 2890 et
961 2822 1160 2903 Doctorum,
1177 2844 1266 2909 quos
1282 2844 1360 2889 con·

295 2928 412 3006 suluit,
423 2927 491 2992 duo
502 2926 667 2991 miracula
678 2926 894 3013 approbavit,
904 2948 993 3012 quae
1007 2947 1068 3011 per
1080 2924 1175 2989 illam
1185 2923 1361 2991 Guadnlu-

296 3052 435 3115 pensem
451 3028 639 3114 Imaginem
653 3027 823 3094 Dominus
844 3032 1007 3114 operatus
1023 3032 1086 3103 est,
1104 3030 1207 3111 atque
1225 3046 1361 3111 praece·

296 3134 348 3221 pit
363 3134 456 3221 quod
472 3134 515 3200 ad
530 3134 746 3199 devotionem
776 3134 976 3222 augendam,
993 3134 1049 3199 die
1066 3132 1269 3199 duodecima
1285 3132 1360 3197 De-

338 3406 383 3479 (r)
426 3406 462 3462 V.
479 3404 645 3476 Florencia,
663 3404 788 3463 Estrelta
802 3402 852 3461 del
866 3404 962 3462 Norte
977 3403 1016 3462 de
1041 3402 1170 3475 Me'xico,
1187 3420 1252 3477 cap.
1289 3420 1300 3459 r
1305 3419 1333 3476 3,
1348 3402 1363 3475 5

297 3504 408 3563 6.-Et
423 3524 449 3562 v.
463 3503 691 3561 Pmeambulum
702 3502 741 3563 ad
753 3500 929 3561 Versionem
943 3500 1110 3577 hispaniam
1125 3497 1312 3561 Narrationis
1323 3500 1362 3559 de

297 3601 524 3678 Guadalupeusi
547 3600 755 3679 Apparirione,
779 3603 908 3660 Romam
917 3592 1041 3675 missae,
1053 3610 1146 3677 atque
1170 3601 1209 3658 ab
1238 3602 1364 3659 Anasta-

297 3704 342 3763 sio
356 3701 492 3763 Nicoseii
514 3700 613 3761 italice
624 3702 793 3771 translatae,
809 3701 896 3775 cujus
918 3699 1046 3775 hispana
1074 3698 1171 3759 versio
1186 3698 1317 3758 habetur
1332 3698 1362 3758 in

297 3819 387 3876 opere
401 3798 449 3857 cui
462 3796 565 3857 titulus
585 3796 724 3855 Colcccr'on
739 3796 773 3853 dc
785 3796 871 3853 obras
892 3814 911 3870 y
929 3796 1087 3872 Oprisculcs
1108 3793 1364 3872 pertenecr'entesd

296 3897 328 3957 la
342 3900 503 3975 Aparicr‘cn
516 3898 554 3955 de
564 3898 697 3956 Nutslra
709 3896 823 3955 Srtiorc
835 3895 871 3953 de
884 3894 1236 3973 GundulupedrMe'xr'cc,
1250 3908 1323 3955 tom.
1341 3916 1364 3967 r,
1422 3942 1425 3945 .

338 3999 382 4073 (ι)
425 3998 547 4067 Torret,
562 3997 589 4054 la
604 3994 768 4073 Apsriciou
783 3996 822 4055 de
838 3996 866 4053 N
869 4008 968 4055 uestra
984 3998 1096 4057 Ser'rora
1120 3996 1158 4057 de
1174 3996 1363 4074 Guadalupe,

297 4108 371 4155 torn.
390 4116 414 4165 1,
430 4114 495 4171 cap.
515 4115 560 4168 14,
575 4114 603 4155 n.
623 4115 692 4167 244,

339 4214 380 4288 (3)
404 4210 560 4282 Beristain,
579 4211 698 4271 Bibliot.
711 4213 775 4271 Art.
792 4212 911 4272 Cuevas
926 4213 1067 4283 Divalos,
1082 4212 1168 4269 Ilmo.
1187 4212 1222 4271 D.
1237 4210 1363 4281 Aions0,

337 4311 380 4386 (4)
400 4310 564 4387 Orneudo,
582 4308 688 4371 Disert
715 4308 783 4373 hist.
803 4313 892 4382 sobre
909 4312 937 4373 le
951 4308 1115 4388 Apuriciou
1144 4324 1212 4383 etc,
1228 4320 1303 4385 torn,
1332 4328 1355 4385 a,

291 4431 358 4506 cap.
373 4412 400 4482 8,
416 4412 431 4503 5
449 4430 473 4481 1,
489 4428 520 4468 n.
534 4411 602 4487 ⁶09.
