3625 5217
995 468 1059 539 104

494 640 613 730 cripta,
623 640 842 709 manifestum
853 647 908 709 est
919 642 1105 731 plurimum
1117 642 1161 709 ad
1172 648 1309 731 tempus
1317 640 1552 731 Apparitionie

492 745 662 812 accedere.
678 747 723 812 D.
738 746 847 813 Uribe
865 747 911 831 (1)
928 746 1053 833 probat
1063 747 1205 833 insuper
1216 746 1457 833 antiquitatem
1469 745 1554 811 Nar-

492 848 637 916 rationis
652 849 850 916 Mexicauaa
865 850 1127 937 manuscriptae,
1141 856 1222 917 tuno
1237 850 1412 916 emetento
1428 850 1466 915 in
1481 850 1552 915 Me·

489 958 586 1026 xioea
599 958 1000 1046 universitatemque
1015 983 1085 1027 nou
1096 960 1204 1025 multo
1221 966 1374 1047 tempore
1387 966 1467 1047 post
1482 960 1550 1047 Ap·

490 1072 696 1160 paritionem
711 1060 874 1159 scriptam
889 1070 1006 1150 fuisse,
1023 1076 1096 1137 tum
1112 1094 1152 1137 ex
1168 1070 1244 1157 ipsa
1255 1071 1393 1137 litterae
1406 1070 1551 1156 qualita-

490 1181 535 1254 te,
553 1179 626 1241 tum
648 1174 809 1241 etiamen
838 1172 982 1239 materia
998 1196 1066 1260 qua
1082 1178 1216 1239 constat
1231 1195 1400 1260 papyrum
1415 1174 1452 1238 in
1481 1194 1550 1259 qno

491 1277 620 1365 scripta
634 1283 719 1354 erat;
734 1297 822 1362 quae
851 1276 994 1342 materia
1020 1281 1129 1359 [masa
1158 1275 1200 1341 de
1216 1278 1374 1363 maguay]
1407 1297 1449 1341 ea
1477 1276 1552 1363 ipsa

489 1385 573 1457 arat,
589 1401 658 1465 qua
671 1377 745 1443 iudi
761 1377 947 1443 utebantur
958 1380 1037 1443 ants
1049 1377 1272 1463 hispanorum
1289 1376 1484 1455 adventum3
1500 1398 1552 1443 ea·

491 1482 569 1548 dem
584 1480 738 1569 proinde,
754 1502 843 1566 quae
859 1479 972 1545 adhuc
986 1480 1022 1545 in
1037 1502 1103 1545 usu
1117 1479 1185 1545 luit
1199 1479 1414 1567 temporibus
1440 1478 1552 1567 prori-

490 1607 544 1651 me
559 1583 784 1670 sequentibus
798 1582 925 1649 Marici
938 1583 981 1648 ab
993 1582 1149 1670 hispanie
1161 1582 1458 1669 expugnationem,
1474 1586 1552 1669 post

491 1710 595 1775 quam
617 1686 914 1773 expugnationem,
938 1686 1055 1753 decem
1085 1685 1267 1752 transactis
1283 1685 1391 1765 annis,
1409 1686 1551 1773 contigit
1625 1777 1630 1797 Ι

490 1788 682 1876 Apparitio.

531 1891 618 1975 Quis
629 1896 749 1958 auctor
759 1891 864 1978 hujus
872 1891 1107 1958 Narrationis?
1125 1892 1314 1958 Betancurt
1325 1892 1369 1977 (2)
1381 1896 1550 1959 auctorem

491 1992 639 2059 credidit
648 1993 702 2058 Fr.
717 1992 959 2059 Hieronimum
971 1991 1155 2059 Mandieta.
1169 1992 1240 2058 Alii
1251 1998 1424 2059 auctorem
1434 1992 1551 2061 dicunt

490 2094 546 2161 Fr.
563 2094 743 2161 Turibium
754 2095 947 2161 Motolinia
968 2096 1013 2178 (3)
1029 2095 1100 2160 Alii
1118 2096 1162 2179 (4)
1176 2094 1230 2160 Fr.
1241 2096 1463 2163 Frauciecum
1484 2096 1550 2163 Go-

490 2219 574 2273 mon,
589 2198 651 2283 qui
679 2203 862 2284 autequam
877 2198 915 2262 in
929 2196 1108 2283 Religione
1124 2198 1352 2283 profiteretur,
1368 2220 1389 2264 a
1404 2198 1550 2265 Sacratis

490 2300 558 2367 luit
571 2300 668 2366 Rmo.
693 2300 907 2387 Zumarraga
954 2299 1003 2366 Hi
1019 2308 1089 2365 tres
1118 2300 1183 2365 viri
1213 2300 1417 2367 franciscani
1447 2302 1548 2368 luere.

488 2400 650 2468 Narratio
676 2408 790 2469 autam
805 2401 897 2468 iavet
918 2422 987 2479 eos,
1011 2401 1071 2487 qui
1097 2402 1293 2487 praedictos
1321 2401 1497 2469 adducunt
1511 2408 1548 2471 ut

489 2504 565 2589 ejus
576 2510 743 2584 auctores,
760 2503 841 2570 dum
856 2505 907 2571 ita
918 2504 961 2570 de
977 2504 1141 2590 religione
1167 2504 1284 2571 Sancti
1312 2505 1488 2573 Francisci
1502 2506 1550 2572 lo-

489 2607 618 2693 quitur,
634 2613 675 2675 ut
688 2608 731 2675 de
754 2608 816 2673 illa
830 2607 927 2692 loqui
939 2606 1038 2673 decet
1053 2606 1310 2673 franciscanum.
1333 2608 1375 2673 D.
1407 2608 1549 2675 Carolus

488 2709 667 2797 siguenze
682 2704 969 2797 qnipraedictam
984 2708 1224 2776 Narrationem
1240 2710 1333 2795 apud
1363 2710 1546 2805 rehabuit,

489 2814 662 2877 auctorem
678 2810 752 2897 ejus
767 2809 891 2875 assant
904 2807 1137 2875 Valerianum:
1158 2830 1200 2873 en
1230 2810 1305 2895 ejus
1321 2809 1434 2887 verba,
1462 2831 1547 2895 quae

490 2913 534 2979 ad
549 2913 698 2980 litteram
727 2913 912 2989 adducunt,
930 2910 1110 2998 Oquend0‚
1129 2912 1174 2995 (5)
1191 2911 1341 2977 Gabrera
1369 2914 1414 2997 (6)
1431 2912 1548 2979 etalii:

491 3016 603 3104 “Digo
616 3017 726 3103 yjuro
738 3038 805 3102 quc
815 3022 890 3083 ceta
900 3014 1066 3082 Relacion
1075 3012 1166 3080 halle
1179 3022 1274 3081 entra
1285 3014 1337 3081 los
1352 3016 1494 3101 papales
1508 3014 1548 3081 de

489 3117 715 3185 D.Feruando
737 3120 780 3185 de
794 3120 893 3197 illua,
907 3141 975 3205 que
991 3122 1093 3203 teugo
1115 3116 1225 3194 todos‚
1242 3140 1264 3203 y
1280 3140 1347 3203 que
1362 3138 1400 3183 ee
1422 3118 1457 3183 la
1467 3117 1549 3205 ⁴mie·

488 3240 625 3315 maqua
654 3220 772 3286 nfirma
786 3220 843 3288 viri
864 3222 898 3288 el
927 3220 1115 3287 licenciado
1144 3221 1229 3287 Imis
1245 3222 1287 3288 de
1303 3222 1459 3289 Becarra
1504 3224 1547 3289 El

531 3394 575 3469 (1)
597 3394 722 3454 Sermon
737 3392 785 3471 3.⁰
803 3396 840 3456 de
855 3397 939 3455 Ntra.
955 3397 1067 3455 seuera
1083 3396 1122 3455 de
1138 3397 1317 3475 Guadalupe
1331 3416 1421 3475 supra
1440 3396 1488 3457 cit.

530 3489 575 3570 (2)
596 3494 632 3553 V.
649 3492 814 3567 Florencia,
830 3494 957 3556 Estrelln
971 3494 1020 3555 del
1037 3496 1131 3555 Norte
1146 3494 1331 3569 deoMaxico,
1346 3514 1411 3575 cap.
1427 3498 1518 3571 XIII,
1535 3496 1550 3573 5

490 3592 519 3665 8,
533 3594 615 3653 num
635 3595 700 3653 162.

529 3688 574 3767 (3)
598 3693 644 3751 Ita
658 3692 747 3753 refert
772 3690 897 3755 Carrillo
911 3713 931 3771 y
946 3695 1036 3753 Pe'rez
1051 3691 1080 3752 in
1099 3693 1213 3754 Dissert
1229 3692 1259 3753 in
1282 3694 1341 3755 line
1367 3692 1486 3772 Operis,
1501 3694 1548 3756 cui

488 3783 593 3846 titulus
608 3787 707 3848 Pensil
722 3788 913 3863 Americanm
930 3792 1030 3851 Punto
1046 3808 1072 3867 5,
1089 3792 1163 3852 niun
1179 3812 1227 3870 45.

530 3883 576 3961 (4)
598 3887 634 3945 V.
650 3887 775 3948 Carrillo
789 3910 808 3966 y
823 3892 924 3961 Pera,
939 3892 1007 3951 loco
1022 3892 1070 3953 cit.

527 3982 573 4061 (5)
617 3983 728 4046 Disser.
743 3986 810 4048 hist.
826 3989 914 4049 sobre
928 3990 956 4047 la
970 3990 1143 4068 Apariciou,
1159 4006 1226 4065 etc„
1242 4006 1334 4057 tomo.
1365 4015 1392 4065 2,
1408 4014 1473 4073 cap.
1490 3996 1545 4067 v1,

487 4081 645 4157 §unium
661 4105 730 4161 429.

484 4180 572 4337 66ἑὸ)
615 4183 736 4245 Escudo
763 4184 803 4245 de
816 4188 923 4245 Armes
938 4188 977 4249 de
1007 4188 1137 4267 Maurico,
1153 4188 1202 4251 lib.
1220 4211 1249 4267 3,
1263 4212 1328 4271 cap.
1359 4194 1443 4269 XIV,
1459 4194 1544 4259 num.
