3625 5217
792 446 834 525 85

367 606 422 687 Da
437 642 567 691 osunen
582 644 862 709 maurusiorum,
875 650 995 706 numus
1009 640 1275 698 commutarem

623 749 793 799 mammo
822 752 1001 801 rsossrun.

325 997 491 1079 Quoniam
522 1000 799 1091 Guodalupensis
827 1007 1009 1093 Apparitio
1038 1009 1084 1092 (1)
1109 1008 1175 1073 fuit
1205 1006 1344 1073 histori-

285 1102 504 1183 cumisctum,
518 1107 611 1191 quod
630 1110 790 1175 tercentis
813 1118 848 1175 et
874 1112 1124 1199 quinquaginta
1149 1117 1184 1177 et
1195 1118 1345 1197 quatuor

284 1203 420 1270 abhinc
436 1208 579 1294 contigit
609 1210 716 1288 annis,
732 1212 781 1276 ita
811 1213 885 1297 ejus
901 1216 1028 1279 veritus
1056 1220 1110 1279 est
1125 1213 1342 1293 stabilienda,

284 1309 568 1392 quemadmodum
581 1312 745 1379 historica
756 1314 846 1380 iacta
858 1322 892 1381 et
903 1316 1132 1401 inquiruntur,
1146 1322 1182 1383 et
1196 1316 1344 1403 proban·

284 1414 347 1488 tur,
362 1412 502 1489 scilicet,
520 1414 702 1481 traditione
719 1418 897 1495 constanti,
914 1419 1053 1505 scriptis
1069 1420 1284 1497 testimoniis,
1308 1425 1344 1485 et

285 1514 431 1599 publicis
446 1518 683 1583 monumentis.
723 1520 891 1601 Quoniam
908 1528 1021 1587 autem
1037 1522 1102 1587 boc
1131 1523 1259 1588 iactum
1274 1543 1344 1589 non

286 1618 467 1687 humanum
484 1622 558 1702 luit,
575 1624 636 1690 sed
652 1624 782 1709 aliquid
800 1625 931 1691 ordinis
945 1627 1226 1711 supernaturalis,
1244 1648 1343 1714 argu·
1362 1668 1365 1675 -

285 1728 395 1791 menta
410 1726 536 1811 quibus
567 1727 828 1805 demonstretur,
845 1751 913 1793 non
937 1751 1021 1815 pure
1051 1728 1217 1795 historica
1231 1735 1341 1810 erunt,

284 1826 342 1891 sed
353 1828 517 1895 historico
530 1830 732 1917 theologicu;
744 1830 812 1895 rim
825 1830 994 1909 habentia,
1008 1832 1110 1897 etiam
1122 1832 1218 1917 juxta
1232 1832 1342 1899 Theo·

283 1929 391 2017 logias
421 1932 621 1999 doctrinam:
651 1933 895 1999 attendendum
926 1935 1105 2021 siquidem,
1145 1936 1342 2013 Dominum,

283 2033 383 2097 etism
400 2034 436 2097 in
457 2036 613 2121 partibus
643 2036 840 2102 Catholicae
865 2036 1051 2114 Ecclesiae,
1080 2037 1118 2101 id
1140 2045 1202 2115 est,
1218 2038 1254 2103 in
1277 2060 1340 2103 na-

283 2134 433 2200 tionibus
445 2136 526 2203 sadi
553 2138 772 2225 Apostolicee
798 2138 1089 2205 veraobedientis
1113 2140 1343 2225 subiectique

283 2258 368 2321 quae
384 2238 427 2303 ad
444 2240 572 2306 cultum
589 2240 740 2305 divinum
754 2264 815 2327 per
834 2244 938 2320 inent,
949 2241 1091 2329 speciali
1104 2242 1251 2327 quadam
1263 2264 1342 2329 pro·

284 2340 431 2407 ridentia
443 2364 572 2434 eurare3
588 2366 667 2429 prae
681 2344 790 2409 oculis
803 2345 999 2409 habendum
1012 2344 1229 2410 devotionem
1244 2365 1341 2411 cons·

285 2448 409 2509 tantem
433 2446 647 2531 populorum,
673 2470 733 2532 per
746 2448 812 2513 tria
833 2448 901 2533 jam
923 2448 1070 2525 saecula,
1091 2453 1127 2513 et
1149 2446 1339 2526 dimidium,

284 2550 483 2617 Pastoritus
498 2548 591 2615 illam
619 2549 901 2635 approbantibus,
919 2556 954 2615 et
984 2548 1190 2627 foventibus,
1218 2549 1341 2614 merito

283 2654 414 2719 divinae
430 2653 560 2740 gratiae
588 2652 730 2717 motioni
761 2652 916 2718 attribui:
931 2675 1013 2739 prae
1039 2652 1149 2719 oculis
1161 2652 1265 2717 etiam
1280 2652 1340 2717 ha·

283 2756 429 2823 bendum
441 2756 525 2843 quid
538 2756 628 2821 valet
648 2756 909 2842 Episcoporum,
938 2756 1082 2820 maxime
1103 2756 1339 2842 plurimorum,

282 2868 466 2933 auctoritas
476 2866 510 2931 in
521 2866 584 2942 his,
597 2886 684 2950 quae
699 2864 741 2929 nd
754 2865 882 2931 cultum
893 2864 1056 2940 divinum,
1069 2868 1105 2929 et
1114 2862 1180 2928 Dei
1190 2862 1341 2929 Genitri·

283 2968 330 3034 cis
340 2967 590 3033 venerationem
607 2966 789 3053 pertinent
804 2973 838 3031 et
851 2965 1005 3043 maxime,
1033 2971 1162 3051 quanta
1173 2971 1227 3031 est
1241 2966 1341 3032 Sum·

282 3072 328 3135 mi
337 3070 513 3136 Pontificis
530 3070 726 3147 auctoritaie,
739 3068 877 3154 quando
889 3070 1077 3155 peripsum
1093 3070 1205 3135 cultus
1222 3068 1339 3154 hujus·

282 3174 371 3239 modi
384 3174 527 3251 fovetur,
540 3177 615 3248 etc.;
628 3194 714 3257 quae
730 3172 845 3237 omnia
854 3172 1053 3257 respective,
1070 3171 1151 3237 dum
1161 3194 1340 3259 argumen-

283 3278 317 3337 ta
335 3278 578 3359 proponantur,
606 3275 718 3335 mento
745 3270 956 3357 perpendere
973 3294 1110 3337 necesse
1126 3278 1187 3339 est
1233 3271 1340 3337 Deni-

283 3396 357 3459 que,
374 3395 450 3438 cum
466 3372 591 3437 iactum
609 3371 644 3435 in
660 3372 723 3435 huc
753 3372 995 3437 dissertatione
1025 3373 1337 3453 demonstrandum,

282 3498 348 3541 non
362 3476 398 3540 in
408 3474 567 3539 omnibus
580 3474 683 3539 luerit
693 3474 937 3554 transitorium,
949 3474 1011 3541 sed
1023 3475 1059 3541 in
1068 3500 1109 3542 eo
1119 3477 1251 3564 aliquid
1263 3502 1338 3567 per·

282 3602 419 3645 manens
434 3578 634 3665 reperiatur,
651 3577 781 3644 scilicet
794 3577 870 3664 ipsa
880 3576 984 3643 Sacra
994 3578 1114 3666 Imago
1125 3581 1164 3647 B.
1179 3582 1224 3647 M.
1237 3582 1276 3647 V.
1294 3582 1337 3649 de

282 3682 494 3768 Gnadalupe,
511 3704 598 3767 quae
615 3681 649 3745 iu
666 3681 755 3767 apoll
768 3681 792 3746 J
794 3680 914 3747 oannis
928 3680 1052 3747 Didaci
1065 3682 1268 3750 mirabiliter
1279 3684 1336 3753 de·

279 3808 405 3819 ..ι-..ᾳ

322 3860 363 3931 (1)
409 3858 489 3917 Usus
505 3854 627 3914 invaluit
640 3866 670 3912 ut
686 3852 820 3931 quamvis
836 3854 953 3913 dicatur
968 3858 997 3913 in
1024 3854 1163 3932 singulari
1177 3858 1337 3934 Appanbb

281 3956 317 4015 B.
343 3957 372 4015 V.
390 3956 436 4013 M.
450 3956 485 4012 dc
502 3954 690 4029 Gundolupe,
709 3972 814 4011 omnes
829 3972 866 4013 eo
882 3956 973 4013 verbo
999 3953 1253 4015 manifestationes
1270 3957 1338 4017 Dei-

280 4051 487 4130 paraeJoanni
507 4052 630 4123 Didaco,
647 4064 675 4111 et
689 4050 800 4128 Joanni
817 4052 1010 4123 BernardinO,
1037 4064 1066 4113 et
1085 4052 1225 4132 imaginis
1240 4055 1339 4133 Appa-

277 4150 352 4225 titio,
369 4162 457 4229 prout
472 4150 611 4211 historice
626 4162 772 4221 constant,
793 4150 1000 4229 intelligantur.

1254 4250 1295 4319 11
