3625 5217
881 630 948 703 294

383 810 421 879 P.
437 807 618 878 Florentia
632 806 726 897 apud
740 829 778 875 se
789 806 913 874 hebuit
926 807 1093 895 hymnum
1107 828 1128 873 a
1141 804 1325 874 Francisoo
1339 801 1451 871 Plaei·

384 914 429 981 do
444 912 682 1001 compositum,
712 912 806 998 quod
836 916 1010 980 cantatum
1024 910 1092 977 fuit
1121 932 1198 976 uum
1228 908 1272 975 ad
1300 906 1449 996 primum

383 1017 459 1102 ejus
473 1014 639 1102 templum
655 1014 699 1080 ad
719 1014 927 1101 'sepeyaoatl
942 1036 1039 1080 saera
1052 1012 1173 1101 Imago
1187 1012 1230 1079 de
1247 1010 1450 1099 Guadalupe

384 1118 452 1186 fuit
465 1117 716 1185 solemnissima
730 1116 948 1204 processione
968 1115 1124 1183 deducta
1170 1115 1272 1199 Quod
1286 1116 1449 1203 hymnum

383 1242 421 1289 se
436 1223 608 1309 accepisse
638 1222 762 1288 asserit
783 1243 804 1286 a
832 1219 1041 1307 Presbytero
1051 1220 1093 1285 D.
1123 1218 1246 1287 Carolo
1269 1218 1448 1306 Sigiienaa,

384 1332 488 1415 atque
517 1333 619 1395 antea
645 1327 744 1392 illum
773 1325 897 1392 habuit
925 1326 967 1391 D.
993 1325 1197 1394 Dominiuus
1223 1324 1450 1413 Chimalpain.

383 1430 571 1520 Presbyter
584 1432 626 1497 D.
645 1429 837 1497 [rudovicus
850 1429 999 1497 Beoerra
1010 1424 1124 1495 Tanoo
1139 1450 1177 1495 sa
1192 1428 1307 1516 ipsum
1321 1427 1449 1495 vidisse

383 1536 508 1603 asserit
521 1534 666 1622 insignis
681 1533 898 1621 antiquitatis
921 1554 1091 1620 mappam,
1107 1531 1222 1618 inqua
1236 1536 1449 1619 representa·

383 1638 486 1706 batur
499 1643 535 1706 et
549 1638 742 1726 Apparitio‚
754 1640 791 1704 et
803 1637 925 1725 Imago
940 1638 979 1703 Β.
997 1636 1042 1703 Μ.
1059 1635 1099 1702 V.
1113 1634 1156 1702 de
1169 1633 1384 1722 Guadalups‚
1400 1639 1450 1701 at·

383 1742 566 1829 quostiam
581 1740 669 1808 vidit
680 1741 892 1807 Merieauam
903 1740 1153 1819 Narrationem,
1169 1738 1287 1824 inqua
1301 1742 1450 1825 quatuor

382 1847 406 1914 J
406 1848 507 1914 oanni
524 1847 658 1916 Didaoo
668 1848 924 1936 Apparitiones‚
937 1852 972 1914 et
983 1846 1105 1932 quinta
1113 1847 1137 1914 J
1138 1846 1241 1913 oanni
1264 1844 1449 1913 Bernardi·

385 1971 430 2017 no
445 1950 683 2031 narrabantur;
692 1972 823 2018 necnon
838 1956 874 2019 et
884 1973 923 2018 ss
935 1949 1107 2017 audivisse
1124 1954 1271 2018 testatur
1285 1948 1450 2037 hymnum

387 2051 431 2121 de
458 2052 686 2141 Apparitione
701 2052 746 2120 ud
774 2053 983 2143 Tepeyaoatl
997 2057 1076 2119 ante
1098 2052 1225 2119 Manioi
1255 2051 1450 2119 inundatio·

387 2178 474 2236 nem,
487 2178 575 2243 quae
599 2156 744 2244 contigit
769 2158 967 2224 ann01629.
1010 2155 1208 2224 D.Carolus
1231 2154 1401 2243 Sigiienzu
1417 2160 1453 2223 et

388 2269 551 2357 Gangora
575 2290 644 2336 non
658 2269 761 2336 modo
776 2268 869 2357 apud
880 2292 917 2337 se
930 2270 1054 2337 habuit
1067 2267 1342 2354 antiquissimam
1357 2266 1452 2335 Nur-

389 2372 556 2440 rationem
585 2371 799 2439 Mexioanam
814 2371 1091 2459 Apparitionum
1108 2393 1225 2438 verum
1238 2376 1274 2438 et
1290 2370 1415 2439 asserit
1431 2394 1451 2437 a

387 2474 573 2543 Valeriano
584 2474 748 2563 scriptam
759 2496 846 2543 esse.
890 2476 932 2544 D.
952 2476 1062 2545 Uribe
1074 2478 1110 2544 iu
1126 2475 1361 2543 Universitate
1376 2474 1450 2541 Me·

388 2580 485 2649 niuea
493 2580 663 2650 asservari
678 2583 826 2649 testatur
850 2581 1124 2668 antiquissimam
1136 2580 1350 2649 Musicanam
1365 2578 1451 2646 Nar·

389 2684 556 2752 rationem
568 2684 815 2772 Apparitionis
864 2685 934 2752 Sed
946 2685 988 2753 de
1004 2686 1048 2753 iis
1063 2685 1132 2772 jum
1149 2683 1221 2752 suis
1233 2683 1270 2750 in
1281 2682 1367 2751 loeis
1381 2681 1451 2749 diu-

390 2792 463 2854 tum
477 2792 541 2856 est
557 2787 735 2857 Suffieeret
743 2789 766 2853 J
768 2788 871 2855 oanni
881 2788 1009 2855 Mufioz
1024 2788 1055 2857 si
1071 2792 1200 2855 attente
1229 2786 1371 2873 legisset
1389 2783 1452 2855 Ou-

389 2892 527 2978 tolopum
542 2892 667 2958 Musaei
682 2893 723 2958 D.
739 2890 919 2958 Laurentii
930 2891 1091 2959 Boturiui
1103 2890 1140 2956 in
1154 2912 1196 2957 ea
1218 2894 1316 2977 parte
1331 2888 1368 2955 in
1382 2909 1452 2974 qua

390 2993 451 3061 illa
464 2998 590 3075 narrat,
616 3016 705 3081 quae
720 2994 765 3061 ad
778 2992 972 3061 Historiam
987 2994 1027 3061 B.
1043 2994 1090 3059 M.
1106 2993 1146 3061 V.
1174 2992 1217 3059 de
1247 2989 1452 3077 Guadulupe

390 3094 573 3183 pertinent:
583 3095 635 3163 ibi
645 3094 790 3163 vidisset
800 3095 928 3162 Murioz
939 3096 982 3163 de
995 3094 1122 3183 quibus
1133 3096 1175 3163 I).
1186 3092 1374 3161 Laurentio
1385 3092 1453 3159 Bo·

391 3199 494 3269 turini
506 3205 650 3280 oonstat‚
662 3204 698 3266 et
708 3221 797 3287 quae
807 3198 884 3287 ipse
895 3198 988 3285 apud
1000 3220 1036 3265 se
1048 3196 1181 3277 habuit,
1194 3195 1266 3263 sive
1277 3193 1453 3262 Narratio-

391 3326 461 3383 nee,
473 3303 546 3371 sive
556 3300 717 3381 Annales,
729 3300 801 3369 sire
823 3320 977 3389 mappas,
994 3299 1294 3377 sivstestamenta,
1324 3294 1453 3383 quibus

391 3406 519 3475 veritae
542 3403 779 3494 Appuritionis
794 3403 1045 3491 comprobatur,
1062 3408 1166 3489 atque
1182 3400 1286 3468 etiam
1312 3398 1454 3465 vidisset

392 3530 481 3595 quae
495 3509 619 3576 horum
648 3506 801 3575 omnium
830 3506 874 3573 ud
902 3506 1119 3594 probandum
1149 3503 1196 3572 sit
1222 3501 1392 3591 aptitudo,
1417 3506 1454 3569 et

392 3630 481 3697 quae
492 3608 689 3696 antiquitus
734 3607 858 3675 Adhuc
866 3612 1026 3693 suspecta
1038 3604 1182 3673 habebit
1193 3604 1321 3671 Mufioa
1332 3608 1368 3672 et
1383 3624 1454 3670 oar·

393 3708 495 3789 minu,
510 3714 547 3777 et
560 3731 713 3797 mappas,
726 3715 761 3776 et
770 3709 1004 3796 manuscripta
1015 3708 1058 3775 de
1069 3708 1317 3795 Apparitioue?
1359 3706 1455 3774 Nun-

394 3812 479 3901 quid
493 3836 563 3881 non
577 3813 784 3882 eredendum
809 3813 893 3881 viris
905 3814 1017 3881 doctis
1032 3812 1074 3881 de
1097 3813 1149 3893 iis,
1162 3836 1250 3900 quae
1266 3813 1333 3901 ipsi
1355 3813 1457 3881 ride-

394 3924 484 4002 ruut,
497 3926 636 4009 atquae
650 3920 846 3988 habuerunt
860 3920 954 4008 apud
968 3925 1024 3987 se?
1040 3920 1107 4004 Qui
1121 3926 1234 3988 autem
1251 3920 1401 4009 aptiores
1413 3921 1457 3988 ad

396 4024 519 4091 harum
533 4046 649 4093 rerum
663 4021 902 4109 antiquitatem
918 4022 1193 4110 dignoscendam,
1210 4046 1312 4111 quam
1328 4021 1391 4089 viri
1406 4022 1458 4089 illi

396 4125 458 4213 qui
473 4126 717 4215 antiquitatum
733 4131 928 4194 nostrarum
945 4126 1083 4194 fuerunt
1098 4126 1317 4215 peritissimi?

331 4243 335 4251 Ι
440 4273 495 4339 De
510 4276 645 4340 caetero
659 4270 697 4338 in
709 4272 739 4339 2
753 4270 775 4313 ⁶⁸
798 4270 901 4338 Parte
917 4270 1021 4359 hujus
1035 4269 1301 4338 Dissertationis
1317 4270 1408 4358 (Arg.
1426 4271 1456 4352 5,

397 4380 433 4448 et
462 4376 507 4461 7.)
536 4373 720 4465 diligenter
733 4372 921 4463 inquiritur
935 4379 1065 4463 quanta
1093 4373 1140 4443 sit
1165 4372 1354 4463 antiquitas
1369 4372 1458 4443 Ner·
