3625 5217
892 614 957 693 292

387 790 555 873 ¹testetur
569 797 605 864 et
618 790 784 885 Imoginis
798 792 839 864 B.
856 800 902 865 M.
919 792 958 865 V.
991 798 1034 868 de
1050 798 1255 891 Guadnlupe
1285 790 1473 889 antiquitt·

406 903 485 978 tem,
498 903 533 967 et
548 917 705 989 magnum
719 899 938 969 devotionem
950 902 1113 987 fidelium,
1130 910 1165 974 et
1177 904 1343 973 mireeulu
1351 904 1472 986 multe,

406 1009 442 1072 61
455 1000 733 1091 Archiprnesulis
747 1006 989 1075 anctoritatem
1005 1007 1042 1075 in
1056 1008 1185 1097 insigni
1200 1008 1344 1097 Templo
1359 1008 1472 1076 eidem

405 1108 461 1175 Im
507 1108 515 1124 ‘
545 1108 552 1124 '
569 1106 744 1176 struendo.

450 1194 481 1263 Ο
505 1194 526 1282 j.
542 1193 838 1283 8.⁰—Aperitionis
862 1196 980 1263 fabule
995 1198 1125 1285 incepit
1153 1199 1284 1285 absque
1314 1194 1421 1264 dubio
1435 1196 1473 1263 in

408 1301 567 1370 indorum
582 1301 707 1370 animis
721 1326 798 1371 oum
814 1303 858 1370 eb
874 1326 963 1371 enno
979 1306 1063 1373 1629
1078 1307 1122 1374 ed
1139 1308 1233 1388 1634,
1257 1328 1361 1374 66666
1374 1305 1474 1373 1666-

408 1406 559 1475 dationis
574 1405 1282 1499 116616166ὺὶ6,1116666666161611116636
1297 1408 1473 1477 Guedolu·

408 1510 534 1599 pensis,
548 1517 583 1579 et
594 1512 708 1579 661166
717 1512 920 1599 splendidus
932 1511 998 1579 init
1010 1512 1061 1579 illi
1072 1513 1255 1581 exhibitus
1271 1512 1364 1580 Hine
1380 1510 1474 1579 indo·

407 1637 484 1681 rum
498 1614 707 1703 imaginatio,
723 1614 917 1681 devotionis
933 1614 1075 1696 fervore,
1089 1616 1352 1705 Appetitionem
1366 1616 1471 1683 finxit

408 1717 504 1784 Tunc
512 1716 555 1785 de
565 1714 860 1805 Appnritionibue,
872 1721 974 1783 66166
982 1716 1158 1798 inauditis,
1169 1717 1273 1785 verbe
1283 1716 1374 1785 16616
1383 1722 1472 1785 6661.

408 1820 466 1888 116
478 1820 616 1901 116666,
634 1817 680 1906 (1)
693 1816 754 1904 qui
769 1818 872 1885 etiem
884 1824 1002 1885 narret
1017 1841 1054 1887 se
1082 1842 1185 1907 quern
1198 1820 1346 1909 plurimu
1367 1818 1474 1907 eurip-

409 1930 446 1993 to
460 1923 588 1992 vidisse
614 1920 990 2009 61116126666636,
1017 1928 1052 1989 61
1063 1922 1313 2011 religiosorum,
1340 1922 1474 1991 616116-

408 2054 485 2098 rum
514 2030 674 2111 virorum,
687 2028 748 2120 qui
762 2029 889 2097 Mexioi
900 2032 1058 2099 vixerunt
1085 2055 1147 2121 per
1161 2038 1272 2103 totum
1298 2032 1474 2103 sneoulum

408 2134 504 2216 XVI,
535 2132 666 2220 absque
681 2155 723 2200 eo
743 2133 838 2219 quod
868 2132 1001 2221 aliquid
1032 2134 1293 2224 Apperitionem
1319 2136 1476 2205 indicens

410 2235 587 2304 invenerit.
611 2236 659 2321 (2)
703 2234 757 2303 De
772 2235 921 2324 hymnis,
944 2241 979 2304 et
1006 2237 1152 2326 meppie,
1182 2243 1218 2307 et
1233 2239 1477 2328 manuscriptis

408 2340 494 2409 dicit
508 2341 636 2407 Murioz
649 2337 761 2427 primo
772 2338 878 2406 fuisse
894 2339 1035 2407 1666616
1047 2364 1136 2409 6666
1152 2344 1236 2411 1648
1252 2365 1274 2410 6
1287 2342 1475 2429 Presbyte-

410 2468 449 2512 ro
465 2446 507 2512 D.
523 2443 693 2511 Mieheelo
707 2441 870 2511 Senohez:
886 2448 1122 2512 Narrationem
1138 2444 1388 2535 Appnritionis,
1404 2467 1476 2513 om·

410 2548 505 2617 nium
522 2546 760 2633 antiquiorem,
789 2546 834 2613 ed
848 2569 975 2614 ennnm
992 2548 1077 2615 1620
1093 2548 1148 2617 vel
1163 2548 1248 2615 1630
1263 2545 1476 2616 referendam

410 2652 503 2721 dicit:
528 2671 762 2740 quoecumque
784 2651 863 2734 6116,
876 2652 932 2719 vel
959 2651 1101 2739 scriptu,
1117 2651 1172 2718 vel
1201 2651 1340 2740 depicto
1368 2650 1476 2718 fuisse
1522 2708 1529 2717 .

411 2754 550 2842 conjicit
578 2754 660 2841 post
688 2754 847 2841 tempore
875 2752 1005 2840 quibus
1027 2752 1242 2840 seripserunt
1270 2750 1478 2838 ’166666666-

411 2860 456 2928 (16
470 2864 506 2926 61
520 2856 691 2925 (11666666.
704 2854 778 2924 Neo
790 2857 881 2924 eliud
896 2855 971 2922 erui
980 2876 1082 2942 posse
1100 2856 1210 2923 eredit
1224 2878 1266 2923 ex
1281 2854 1478 2923 testimonio

359 2974 378 3001 ’··
411 2964 561 3043 testium,
578 2960 639 3048 qui
664 2956 807 3047 juridice
818 2960 959 3027 fuerunt
975 2960 1176 3047 interrogati
1206 2982 1294 3026 enno
1321 2958 1413 3027 1666.
1431 2959 1477 3044 (3)

410 3064 649 3155 Apponitionis
664 3068 947 3153 propugnntores,
961 3064 1010 3179 eit
1024 3064 1093 3143 ille,
1110 3063 1315 3131 dooumente
1340 3064 1480 3134 histori-

411 3193 452 3239 66
467 3169 670 3256 antiquiore,
686 3172 722 3235 61
732 3166 928 3256 suspicione
944 3172 1113 3256 exempta,
1128 3167 1312 3255 proferent.
1332 3169 1377 3253 (4)

454 3277 703 3349 Res-Mirum
714 3276 883 3345 Jonnuem
894 3276 1089 3365 Baptistem
1099 3273 1226 3340 Murioz
1241 3273 1400 3343 iteieoile
1414 3274 1477 3341 fin-

411 3405 491 3473 gere
506 3388 542 3450 61
556 3379 653 3469 loqui
668 3379 742 3450 eine
757 3379 990 3460 fundamento
1005 3386 1040 3447 et
1054 3402 1123 3446 non
1138 3377 1240 3445 modo
1260 3377 1333 3444 sine
1358 3376 1480 3445 funde·

412 3492 538 3569 mento,
558 3506 677 3554 verum
697 3482 802 3553 etium
812 3488 931 3551 contre
946 3482 1249 3551 demonstrationis
1262 3481 1478 3551 evidentiam.

412 3590 598 3662 Contendit
607 3586 868 3679 Appetitionem
881 3592 1109 3653 commentum
1118 3586 1224 3653 fuisse
1234 3584 1384 3672 vulgetis
1396 3584 1481 3653 ime-

412 3694 607 3784 ginetionis‚
621 3690 719 3779 eujus
747 3689 886 3756 initium
900 3690 992 3757 inter
1017 3712 1142 3757 sunum
1172 3690 1256 3756 1629
1272 3694 1307 3757 et
1323 3689 1408 3757 1664
1423 3710 1481 3777 ag·

412 3798 604 3867 nocendum
618 3802 682 3878 est,
697 3792 802 3863 simul
817 3798 921 3880 etque
937 3794 1119 3862 confitetur
1134 3795 1223 3861 inter
1239 3793 1316 3873 elie,
1332 3814 1421 3881 quoe
1436 3793 1481 3861 sd

413 3908 631 3998 splendorem
647 3904 760 3974 cultus
774 3904 814 3972 B.
828 3904 875 3971 M.
892 3904 932 3971 V.
948 3903 990 3971 de
1013 3902 1217 3991 Gnadelupe
1233 3900 1358 3969 Mexici
1373 3902 1409 3969 in
1424 3923 1481 3968 ur-

414 4020 458 4088 be
474 4025 555 4086 tuno
569 4016 735 4107 temporie
758 4016 985 4097 contulerunt,
1012 4016 1246 4083 connumerari
1273 4012 1429 4101 hymnos,
1445 4016 1481 4081 et

413 4140 694 4273 ’fri-Memoria
709 4209 802 4269 supra
815 4190 864 4252 cit.
883 4190 966 4249 mim.
984 4210 1029 4265 24.

456 4276 501 4353 (2)
544 4274 754 4335 Ib.ndrn.11.

455 4358 501 4437 (3)
543 4358 587 4417 Ib.
603 4356 688 4416 mim.
707 4374 753 4429 14.

455 4440 502 4519 (4)
544 4438 591 4500 Ib.
602 4436 686 4501 niun.
701 4453 748 4519 25.
