3625 5217
938 614 1004 683 286

441 806 483 855 au
498 786 648 875 primera
669 785 910 876 imposiciont
932 786 1070 873 aquella
1091 786 1264 861 Tormolzio
1279 785 1426 875 antigua
1471 784 1503 851 Y

438 916 476 961 ea
491 916 572 961 ooea
582 916 650 983 que
665 917 703 963 ee
712 895 816 963 debia
830 896 1010 976 remediar,
1026 918 1157 985 porque
1172 895 1205 964 el
1221 895 1344 985 propio
1360 896 1501 963 nombre

438 1004 482 1073 de
496 1006 531 1075 la
546 1006 665 1075 liadre
680 1007 723 1075 de
738 1003 834 1086 Ilios,
850 1006 982 1074 Senora
1011 1012 1160 1088 nuestra,
1191 1030 1235 1073 no
1259 1026 1296 1074 ee
1311 1006 1502 1073 Tonantzin

437 1110 514 1177 aino
529 1111 758 1179 Diodmatzin,
803 1110 931 1177 Parece
946 1116 1022 1177 oeta
1043 1111 1222 1179 invencion
1252 1109 1404 1177 eatinioa
1418 1131 1503 1197 para

438 1213 549 1301 paliar
562 1214 598 1281 la
611 1213 773 1281 idolatria
788 1214 912 1300 debajo
938 1214 1181 1301 equivocaoion
1197 1214 1239 1283 de
1256 1221 1329 1281 eote
1359 1213 1502 1281 nombre

442 1316 624 1385 Yonoatzirr.
667 1316 700 1383 Y
714 1317 836 1384 vienen
850 1338 955 1404 agona
969 1313 990 1382 t
1015 1316 1135 1383 visitur
1164 1322 1239 1383 esta
1271 1315 1445 1382 Tonantzio
1458 1314 1501 1381 de

437 1442 519 1509 may
534 1419 630 1511 lejoo,
651 1426 711 1488 tan
724 1420 811 1507 lejoe
826 1441 924 1487 como
946 1418 989 1485 de
1006 1426 1111 1487 antee.
1155 1419 1207 1487 La
1230 1420 1306 1487 cnel
1337 1418 1502 1486 devocion

436 1523 590 1591 tambien
604 1547 642 1592 ee
657 1523 875 1611 acepechoea,
888 1545 1020 1611 porque
1035 1545 1079 1589 en
1094 1523 1195 1590 todas
1213 1528 1330 1610 partes
1346 1522 1414 1609 hay
1430 1542 1503 1586 mu-

437 1625 520 1693 chae
534 1626 681 1715 Igleeiae
695 1626 739 1694 dc
753 1625 904 1693 Nneetra
916 1623 1089 1712 Sasima-‚y
1105 1647 1150 1691 no
1165 1648 1231 1692 van
1246 1624 1266 1691 a
1281 1623 1380 1703 ellae;
1395 1646 1417 1711 y
1433 1622 1503 1689 vie·

436 1750 504 1796 nen
517 1728 562 1795 de
576 1726 661 1815 lejae
676 1725 799 1794 tierrae
813 1723 834 1791 c
849 1728 926 1791 eata
940 1723 1129 1792 Tonantzin
1146 1748 1242 1792 como
1268 1725 1502 1813 antiguamen·

435 1831 501 1899 te.'’
524 1830 618 1897 Hinc
631 1827 771 1897 deducit
784 1827 913 1894 Murioz
927 1827 1164 1916 Apperitionie
1177 1827 1399 1896 traditionem
1415 1825 1503 1892 mul·

436 1936 473 1999 to
488 1930 712 1999 recentiorem
741 1952 817 1998 esee
846 1951 888 1997 eo
903 1934 1057 2017 tempore
1079 1930 1123 1999 ad
1153 1931 1247 2019 quod
1277 1930 1426 1999 refertur
1456 1929 1501 1998 ab

437 2033 512 2123 ejus
535 2033 857 2123 propugnatoribus.
872 2114 879 2123 ¹

479 2156 586 2244 Reap.
627 2155 758 2223 Auctor
772 2160 887 2223 textus
910 2154 1113 2243 prudentiae
1137 2178 1241 2223 cauea
1258 2158 1310 2239 (ut
1339 2157 1392 2223 illi
1407 2155 1502 2223 vide·

436 2259 550 2341 batur,
566 2280 644 2326 nam
660 2256 720 2325 alii
735 2258 835 2326 aliter
848 2258 1056 2342 sentiebant)
1088 2260 1260 2348 improbat
1285 2260 1325 2327 B.
1344 2260 1388 2327 M.
1403 2260 1443 2328 V.
1458 2259 1502 2327 de

437 2362 643 2452 Guadalupe
659 2362 728 2430 dici
745 2363 927 2443 Tmmnttic,
944 2386 986 2431 eo
1001 2362 1096 2451 quod
1110 2385 1152 2431 eo
1163 2364 1243 2453 ipso
1257 2365 1394 2433 nomine
1409 2364 1504 2431 dicta

436 2468 550 2535 inerat
562 2466 651 2536 falsa
665 2472 775 2535 mater
788 2466 942 2533 inanium
958 2466 1109 2549 deorum,
1127 2491 1229 2557 quam
1246 2468 1413 2535 mexicani
1428 2466 1504 2533 ido·

437 2569 595 2637 lolatriae
624 2575 780 2657 tempore
810 2567 978 2636 colebant.
1034 2570 1135 2655 Quod
1150 2570 1367 2639 devotionem
1383 2569 1502 2637 existi·

438 2678 510 2741 met
524 2677 719 2763 suspectam
734 2674 897 2759 quoniam
928 2670 1108 2762 Templum
1139 2673 1407 2761 Guadalupeuee
1423 2673 1503 2761 plue

438 2798 544 2863 quam
558 2775 618 2842 alii
632 2775 768 2864 Templi
797 2776 836 2841 B.
853 2775 901 2841 m
918 2775 957 2843 V.
976 2776 1271 2863 frequentabatur,
1288 2776 1417 2845 nullam
1433 2776 1501 2843 vim

438 2878 566 2947 habere
581 2881 707 2968 potest,
722 2900 802 2945 nam
816 2879 853 2945 in
879 2878 1001 2946 eodem
1016 2880 1092 2947 loco
1122 2880 1212 2947 unde
1243 2884 1374 2953 textum
1390 2878 1503 2966 objec-

438 2988 511 3051 tum
526 2981 677 3071 sumpsit
692 2982 827 3065 Menon,
844 2982 939 3070 quod
954 2982 1096 3050 titulum
1110 2984 1177 3051 hoc
1206 2983 1313 3050 hebet
1332 2984 1503 3051 Continua-

437 3086 507 3154 cion
519 3084 570 3152 del
582 3092 686 3166 autor,
700 3085 756 3172 (de
768 3107 838 3174 quo
853 3085 956 3171 inira)
974 3092 1159 3173 postquam
1171 3086 1214 3154 de
1230 3086 1405 3172 aliquibus
1417 3085 1503 3151 locis

438 3188 594 3276 loquitur
607 3188 813 3269 mercator,
825 3188 862 3257 in
876 3191 1007 3277 quibus
1019 3190 1176 3258 infideles
1189 3189 1286 3257 ialeie
1296 3188 1364 3256 diie
1380 3188 1504 3255 solem·

439 3290 879 3374 niaeaorificiaofferebaut,
892 3294 975 3361 etin
987 3294 1114 3382 quibus
1127 3300 1207 3383 poet
1216 3291 1396 3381 Evangelii
1406 3313 1503 3380 prce·

439 3390 656 3475 dicationem,
682 3392 751 3461 tria
766 3395 896 3482 templa
921 3395 1081 3465 edificata
1106 3396 1211 3477 fuere,
1228 3395 1369 3476 scilicet,
1400 3396 1439 3461 B.
1456 3394 1502 3461 M.

441 3494 585 3585 Virgini,
600 3496 640 3563 B.
653 3496 782 3576 Annae,
796 3503 831 3565 et
842 3498 882 3565 B.
895 3498 1024 3568 «ioanni
1043 3501 1296 3588 Evangelietee,
1322 3498 1376 3565 vel
1406 3500 1504 3585 Bap-

440 3607 553 3688 tistae,
568 3606 618 3675 ita
639 3605 823 3675 concludit:
867 3606 1140 3679 “Persuadieron
1154 3614 1175 3677 a
1190 3610 1346 3700 aquellaa
1368 3612 1504 3699 provin-

441 3710 513 3778 ciae
540 3706 562 3777 d
590 3730 658 3795 que
688 3709 842 3778 vinieeen
871 3734 970 3779 corno
999 3714 1120 3795 eolian,
1150 3737 1283 3802 porque
1313 3738 1358 3803 ya
1388 3713 1504 3779 tenian

446 3812 628 3893 Tomotzic,
649 3812 820 3903 Topitzicy
832 3816 1029 3903 Altepucttli,
1041 3838 1108 3903 que
1121 3818 1387 3885 exteriormente
1398 3838 1506 3883 auena

442 3914 530 3985 6lee
541 3914 587 3983 ha
596 3916 820 3986 hechoaonar
831 3918 852 3987 i
863 3919 972 3987 Senta
982 3920 1105 4002 Maria,
1117 3920 1137 3988 d
1150 3921 1350 3999 SantaAne,
1366 3919 1420 4009 yri
1436 3922 1506 3989 San

441 4018 535 4087 Jnan
548 4019 768 4109 Evangelieta
782 4020 804 4089 6
819 4022 991 4103 Bautieta;
1004 4046 1026 4109 y
1041 4047 1083 4091 en
1109 4025 1144 4091 lo
1159 4025 1303 4093 interior
1318 4024 1360 4091 de
1377 4024 1411 4091 la
1425 4046 1506 4112 geu·

442 4127 477 4190 te
492 4122 721 4211 populatque
736 4124 920 4207 alliuiene,
951 4126 1133 4197 eetdolaro
1164 4146 1231 4215 que
1248 4151 1292 4195 no
1308 4149 1346 4195 es
1368 4127 1444 4195 eino
1471 4126 1506 4193 lo

443 4222 596 4312 antiguo:
609 4247 632 4314 y
647 4226 700 4294 aei
715 4251 760 4295 nc
774 4250 812 4296 ee
826 4228 874 4295 mi
888 4251 1031 4317 parecer
1045 4252 1113 4317 que
1128 4230 1179 4297 lee
1195 4229 1349 4317 impidan
1364 4230 1399 4295 la
1414 4230 1506 4295 veni·

444 4326 490 4399 da
503 4326 540 4395 ni
554 4325 590 4393 la
618 4327 770 4413 ofrenda,
785 4353 870 4419 pero
884 4330 917 4400 ci
930 4331 966 4402 lo
981 4355 1019 4401 ee
1034 4355 1101 4421 que
1123 4332 1177 4401 loe
1202 4332 1420 4421 desengairen
1449 4330 1506 4399 del
