3625 5217
792 592 855 661 201

312 754 444 827 Doctor
458 761 495 830 in
509 760 739 851 Philosophia
755 766 788 830 in
799 766 980 834 Mexicana
1002 768 1249 851 Universitate,
1278 776 1313 839 et
1343 770 1379 839 in

311 863 390 931 aliis
404 864 571 945 eruditas,
587 888 689 953 quem
701 868 842 954 Regalis
857 871 1017 959 Hispana
1031 872 1217 941 Academia
1231 876 1268 941 in
1281 898 1373 956 suos,

311 966 392 1033 lieet
407 974 571 1047 exterum,
587 970 693 1057 elegit
708 992 798 1037 anno
814 974 906 1039 1860.
932 974 1030 1042 Obiit
1045 997 1135 1041 anno
1152 978 1245 1043 1861,

351 1072 516 1139 Poemata
530 1073 617 1159 ejus,
632 1096 702 1139 uno
718 1076 890 1143 volumine
905 1078 1058 1151 collecta.
1088 1080 1183 1147 edita
1211 1082 1371 1170 leguntur

313 1178 466 1263 inopere
482 1177 537 1241 cui
554 1177 677 1243 titulus
703 1178 872 1243 Biblioteca
899 1180 1077 1247 decretores
1106 1184 1290 1249 vaticanos.
1336 1184 1379 1249 In

312 1279 384 1446 iffls
398 1279 547 1347 habetur
562 1280 720 1367 hispanis
734 1282 893 1348 versibus
909 1283 1246 1365 tetradecastichum,
1265 1286 1319 1353 cui
1337 1287 1379 1353 ti·

313 1388 328 1448 t
365 1404 408 1447 us

356 1486 385 1552 A
400 1485 433 1549 to
448 1483 627 1552 Soatiaimo
651 1488 764 1572 Virpea
779 1488 818 1553 de
838 1488 1034 1575 Geadccupe.

356 1676 427 1741 115.
451 1673 708 1763 SotomayorD.
732 1676 865 1764 Joseph
880 1676 1096 1757 Franciscus,
1113 1684 1191 1767 pius
1209 1688 1245 1747 et
1259 1680 1380 1747 doctus

314 1776 491 1857 Sacerdos,
508 1778 649 1865 scripsit

361 1904 548 1990 Bellatores
561 1904 649 1969 sobre
662 1904 695 1969 lc
709 1906 887 1991 Aporicioa
901 1906 940 1971 dc
954 1908 986 1973 Ia
1009 1908 1191 1975 Soattaimc
1215 1906 1327 1991 Virpen
1342 1907 1380 1973 dc

320 2015 508 2101 Guadalupe
521 2016 559 2081 dc
574 2014 704 2081 Mc'xr'oo.
749 2016 832 2105 Typ.
848 2017 900 2084 ed.
918 2018 953 2084 in
970 2018 1107 2085 civitate
1124 2020 1307 2085 Zacatecas
1322 2040 1380 2083 an-

314 2138 359 2180 no
380 2116 471 2181 1870.
494 2116 621 2181 Narrat
635 2115 900 2201 Apperitionum
928 2116 1118 2197 historiam,
1135 2124 1171 2183 et
1185 2140 1290 2206 super
1305 2140 1379 2184 eam

314 2220 466 2307 piissime
482 2218 675 2285 meditatur.
719 2219 807 2286 Prae
819 2220 930 2285 oculis
946 2219 1058 2287 habeo
1074 2220 1252 2308 hocopus.

358 2392 429 2457 116.
472 2391 616 2458 Alrarez
631 2392 673 2455 D.
689 2391 857 2477 Ignatius,
875 2392 1083 2471 Advocatus,

358 2495 401 2560 In
416 2517 518 2582 opere
535 2494 588 2559 cui
604 2494 735 2561 titulus.
782 2496 1028 2561 Eatadiosaohre
1043 2496 1076 2561 Io
1093 2496 1243 2562 Historia
1257 2498 1383 2583 perteret

315 2599 354 2664 de
369 2598 499 2676 Mdeico,
526 2602 606 2663 tom.
624 2598 654 2675 2,
671 2618 743 2682 cap.
775 2598 825 2661 39.
844 2600 967 2661 tractat
983 2594 1025 2661 de
1057 2596 1208 2663 mirabili
1234 2598 1381 2685 Appari-

316 2708 407 2771 tione
422 2705 461 2769 B.
492 2704 539 2768 Μ.
556 2702 595 2769 V.
627 2701 670 2768 de
695 2700 909 2787 Guadalupe.
935 2700 1061 2789 Operis
1077 2708 1191 2767 tomas
1207 2701 1381 2769 secundus

317 2822 387 2903 typ.
404 2814 458 2880 ed.
472 2813 540 2879 fuit
553 2812 739 2891 incivitate
755 2812 938 2877 Zacatecas
954 2832 1044 2877 anno
1056 2812 1150 2878 1870.
1169 2810 1255 2877 Prae
1272 2812 1382 2878 oculis

317 2918 429 2984 habeo
444 2916 510 2983 hoc
525 2939 623 3004 opus.

360 3091 430 3157 117.
448 3088 594 3174 Quidam
606 3088 773 3155 Sacerdos
789 3087 903 3153 adhuc
915 3089 1041 3167 vivens,
1057 3090 1118 3175 qui
1132 3090 1303 3155 Mexicum
1320 3087 1381 3153 ad-

318 3194 419 3272 venit,
435 3200 471 3260 et
485 3214 610 3259 nomen
624 3213 725 3257 suum
742 3190 853 3257 celare
869 3191 988 3271 voluit,
1008 3192 1154 3279 scripsit·

360 3321 408 3385 El
420 3322 600 3387 Parmae
614 3319 773 3384 Ncwiorarl
786 3318 824 3383 dc
838 3318 870 3383 la
890 3318 1003 3403 Virpea
1018 3319 1066 3385 det
1087 3320 1278 3407 Tepeyccoc:
1291 3318 1382 3387 Com-

313 3425 430 3509 peadio
444 3423 598 3489 historico.
643 3422 726 3509 Typ.
743 3420 797 3486 ed.
816 3425 849 3487 in
865 3421 1003 3487 civitate
1020 3422 1263 3489 Guadalaxara
1293 3445 1382 3489 anno

320 3528 412 3593 1883.
458 3527 545 3593 Prae
561 3527 671 3593 oculis
686 3525 798 3592 habeo
814 3526 880 3591 hoc
895 3527 1109 3613 opusculum.

362 3638 413 3704 La
435 3638 548 3723 Vr'rpea
562 3638 611 3703 del
641 3636 836 3723 Tepeyocotl,
861 3637 1010 3702 Patrona
1034 3638 1198 3723 principat
1211 3638 1249 3702 dc
1263 3638 1295 3703 ia
1313 3636 1383 3701 Na·

317 3741 387 3807 cion
405 3741 577 3807 Maricam.
623 3742 707 3829 Typ.
724 3740 775 3808 ed
793 3740 1271 3808 Guadalaxaraeann01884.
1295 3739 1382 3807 Prae

320 3844 429 3911 oculis
444 3843 556 3911 habeo
572 3844 749 3932 hocopus,
767 3847 885 3931 inquo
914 3843 1040 3912 invicte
1057 3842 1312 3910 demonstratur
1328 3866 1383 3909 ve-

320 3954 405 4022 ritae
419 3955 667 4044 Apparitionis.

362 4126 433 4194 118.
463 4126 562 4193 Alius
577 4127 743 4195 Sacerdos
755 4128 965 4207 mexicanos,
982 4128 1043 4215 qui
1058 4148 1182 4193 nomen
1198 4148 1299 4193 suum
1315 4148 1383 4193 non

319 4230 492 4327 patefecit,
508 4229 649 4319 scripsit

355 4350 461 4426 Scato
475 4351 591 4423 Mario
604 4351 643 4426 de
663 4352 851 4458 Gacdolupe
864 4355 1015 4437 Patroao
1028 4352 1067 4437 de
1080 4352 1125 4433 lor
1140 4351 1317 4440 meaicaaoc
1325 4356 1378 4439 ea,
