3625 5217
1003 708 1067 777 148

500 886 701 953 miraculose
732 884 853 951 exorti:
882 883 1039 967 hancque
1068 880 1316 947 dubitationem
1330 875 1384 943 illi
1412 873 1557 958 imputat

500 988 677 1075 Oquendo.
696 990 742 1072 (1)

542 1094 712 1180 Oquendo
736 1092 1054 1180 reprehendendum
1085 1091 1187 1157 etiam
1217 1086 1316 1155 duxit
1344 1078 1557 1161 Bartolaulte,

499 1229 541 1269 eo
556 1206 649 1291 quod
663 1208 699 1271 in
714 1228 818 1293 opere
833 1207 888 1273 cni
903 1207 1026 1271 titulus
1043 1205 1218 1292 llloaifieoto
1245 1202 1469 1289 calefaciunt,
1485 1206 1560 1279 etc,

499 1309 616 1393 aliqua
630 1310 756 1375 dixerit
770 1309 944 1395 aliquibus
959 1308 1221 1386 circumstantiis,
1238 1314 1300 1373 aut
1314 1304 1559 1395 praerogativis

500 1412 737 1498 Apparitionia
753 1435 820 1477 non
834 1412 1047 1491 favorabilium
1059 1434 1184 1491 verum,
1198 1418 1237 1478 ut
1249 1413 1321 1498 ipse
1333 1409 1502 1497 Oquendo
1513 1408 1560 1475 la·

500 1530 602 1599 tetur,
618 1524 878 1609 Apparitionem
903 1524 1139 1589 miraculosam
1168 1522 1318 1589 admittit
1346 1519 1558 1589 Bartolaohe.

502 1635 548 1719 (2)
564 1636 641 1701 Imo
656 1638 758 1702 etiarn
775 1637 843 1702 alio
873 1644 1072 1723 argumento
1098 1636 1192 1703 illam
1222 1634 1400 1713 stabilivit,
1431 1636 1507 1699 orto
1521 1650 1561 1696 ex

501 1760 589 1803 nova
603 1741 814 1826 inspectione
839 1741 1005 1827 Imaginia
1021 1762 1039 1805 a
1055 1741 1138 1806 viris
1152 1738 1284 1829 peritis,
1309 1744 1347 1804 ut
1363 1736 1493 1803 dictum
1509 1740 1564 1801 est

501 1846 537 1911 in
553 1850 752 1931 argumento
767 1843 950 1930 desumpto
965 1868 1006 1909 ox
1021 1844 1147 1930 judicio
1164 1846 1359 1932 peritorum.

544 1948 636 2013 Hinc
651 1946 760 2013 Rmus
775 1946 893 2011 Nunez
908 1946 951 2011 de
967 1946 1063 2012 Haro
1079 1948 1113 2013 in
1129 1947 1243 2013 edicto
1271 1939 1563 2031 archiepiscopali

502 2054 681 2119 anni1795
698 2052 861 2117 adversus
891 2056 1087 2120 concionem
1114 2055 1275 2122 Doctorie
1304 2052 1404 2133 Mier‚
1428 2046 1471 2117 de
1496 2072 1566 2138 qua

503 2157 605 2221 modo
619 2155 747 2220 dictum
764 2162 827 2233 est,
850 2178 1002 2222 asserere
1018 2180 1085 2223 non
1100 2158 1267 2235 dubitant,
1283 2177 1392 2243 neque
1408 2153 1452 2220 ad
1479 2152 1565 2219 illud

502 2265 639 2345 tempus
651 2258 781 2324 nullum
799 2266 982 2339 auctorem,
996 2284 1058 2329 neo
1074 2270 1312 2342 nostrumnon
1328 2268 1491 2339 exterum,
1507 2282 1566 2327 au·

503 2384 579 2428 sum
594 2361 700 2426 luisse
716 2364 977 2449 Apparitionem
993 2366 1202 2453 impugnare.
1222 2368 1267 2451 (3)

545 2466 645 2531 Anno
662 2468 745 2533 1794
759 2475 903 2555 apparet
919 2474 1056 2536 exterus
1083 2472 1301 2559 impugnator
1330 2468 1568 2559 Apparitionis

504 2568 542 2633 B.
560 2568 605 2634 M.
623 2568 661 2634 V.
679 2570 721 2634 de
737 2570 951 2659 Guadalupe:
964 2573 1257 2643 hicfuitdoannes
1269 2575 1429 2663 Baptista
1440 2572 1569 2639 Murioa

503 2672 539 2737 in
554 2672 700 2758 quadam
717 2672 760 2739 de
771 2672 836 2739 hnc
851 2696 888 2740 re
897 2675 1139 2744 dissertatione
1156 2678 1356 2761 (memoria),
1369 2699 1471 2765 quam
1484 2676 1570 2765 legit

504 2802 616 2845 coram
631 2781 790 2868 Hispana
799 2782 921 2869 Regali
933 2783 1110 2850 Historiae
1120 2784 1312 2851 Academia
1326 2786 1371 2870 (4)
1382 2782 1489 2872 Typis
1498 2782 1569 2849 edi·

504 2888 540 2949 ta
555 2884 681 2970 legitur
696 2885 731 2949 in
747 2908 859 2971 opere,
872 2890 926 2953 cui
943 2888 1065 2953 titulus
1077 2886 1296 2953 cremonam
1310 2884 1433 2953 lulloni
1448 2884 1569 2953 Acade-

503 2986 571 3051 mia
584 2987 623 3050 de
635 2986 668 3050 la
684 2987 842 3065 Historia,
858 3011 948 3054 anno
966 2991 1059 3069 1817,
1076 2987 1170 3077 quod
1182 3010 1270 3077 opus
1281 2988 1452 3056 Merinum
1468 2986 1570 3055 adve-

503 3092 556 3159 nit
570 3113 659 3157 anno
674 3094 768 3159 1819:
785 3096 831 3178 (ὅ)
855 3094 945 3162 unde
962 3100 1120 3161 constant
1135 3094 1211 3177 ejus
1223 3094 1381 3161 notitiam
1395 3092 1568 3160 Merinum

503 3193 654 3259 nondum
670 3194 849 3261 advenisse
864 3196 1003 3282 quando
1019 3197 1129 3263 Rmus
1144 3196 1242 3262 Haro
1269 3196 1568 3283 Archiepinnnpne,

503 3296 652 3361 asseruit
665 3294 797 3363 nullum
813 3320 875 3363 nec
890 3300 1103 3365 mexicanum
1121 3320 1184 3363 nec
1212 3304 1366 3364 exterum
1396 3304 1569 3363 auctorem

504 3398 765 3484 apparitionem
780 3402 819 3465 B.
835 3400 882 3466 Μ.
899 3400 939 3468 V.
956 3401 999 3467 de
1015 3402 1220 3489 Guadalupe
1236 3402 1499 3489 impugnavisse.
1523 3398 1571 3467 m

546 3591 593 3664 (1)
638 3590 735 3649 lliser.
755 3591 822 3651 hist.
837 3594 925 3652 sobre
940 3594 967 3653 la
983 3592 1155 3671 Aparicion,
1169 3606 1243 3653 tom.
1261 3612 1287 3663 π,
1297 3610 1360 3669 cap.
1381 3610 1406 3665 7,
1419 3588 1435 3661 ᾗ
1447 3612 1474 3663 4.
1487 3590 1568 3649 nlrm.

506 3706 575 3772 51²·

547 3793 593 3865 (2)
637 3790 744 3848 Discit.
762 3788 826 3849 hist.
843 3792 930 3849 sobre
959 3789 1178 3868 loAparicion.
1207 3802 1279 3849 torn.
1309 3809 1336 3860 2,
1350 3808 1416 3867 cap.
1449 3788 1567 3865 7,)11.

507 3893 591 3953 nuni.
609 3905 676 3964 590.

547 3988 593 4061 (3)
637 3984 853 4045 Heredictum
883 3986 1029 4065 integrum
1059 3987 1182 4048 inseruit
1211 3986 1374 4065 (lucendo,
1403 4004 1493 4063 opere
1522 3982 1569 4043 cit.

506 4097 581 4145 tom.
599 4104 625 4154 2,
639 4102 706 4162 cap.
724 4091 812 4161 (ξς
1346 4084 1350 4093 ⁴

548 4186 592 4259 (4)
636 4182 815 4243 Dissertatio
829 4185 903 4245 haec
918 4182 1032 4261 integra
1046 4184 1154 4263 legitur
1168 4184 1255 4246 initio
1269 4186 1377 4263 operis,
1405 4188 1453 4247 cui
1468 4188 1572 4248 ntnlus

507 4283 657 4359 Apologia
670 4282 710 4341 de
724 4282 754 4341 la
769 4281 937 4357 Aparicion,
953 4297 1019 4355 etc,
1036 4296 1160 4345 auctore
1181 4281 1289 4344 Guridi
1317 4282 1450 4353 Alcooer,
1466 4282 1518 4345 ubi
1533 4282 1575 4361 ip

504 4405 539 4455 sa
552 4386 722 4449 dissertatio
739 4386 947 4465 impugnatur.

542 4486 589 4571 (5)
629 4486 751 4559 Tornel,
767 4488 810 4549 La
825 4484 997 4563 aparicion,
1013 4502 1080 4565 etc„
1103 4500 1187 4549 toruo
1203 4504 1230 4561 a,
1245 4502 1311 4565 cap.
1330 4504 1357 4547 r.
