3625 5217
943 694 1008 773 270

435 874 483 947 M
500 874 538 949 V.
556 878 599 947 de
629 878 834 967 Guadslups
849 882 885 945 et
914 876 1064 964 scripsit,
1080 878 1116 943 et
1142 872 1339 941 concionem
1368 862 1503 964 habuit,

437 991 473 1052 st
503 985 679 1071 antiquam
696 985 739 1050 de
765 983 992 1072 Apparitione
1023 980 1233 1048 mexicauam
1261 976 1500 1043 Narrationem

435 1089 524 1155 verti
539 1088 621 1155 fecit
635 1089 672 1154 in
701 1088 895 1176 Hispanam
917 1087 1097 1173 Linguam,
1128 1090 1167 1151 ut
1182 1084 1311 1149 dictum
1337 1080 1403 1145 luit
1418 1077 1499 1144 dum

434 1191 732 1281 descriptoribus,
748 1196 784 1257 st
808 1191 851 1257 de
867 1190 1064 1257 oratoribus
1079 1194 1249 1275 ageretur.
1278 1180 1502 1271 Deprecatio-

432 1304 630 1371 nemetiam
660 1305 861 1391 composuit,
883 1306 920 1369 et
935 1300 1028 1389 typis
1057 1298 1176 1379 edidit,
1200 1320 1269 1385 qua
1284 1298 1323 1363 B.
1341 1296 1387 1362 M.
1404 1294 1441 1359 V.
1459 1294 1502 1359 de

433 1407 639 1494 Gaadulupe
654 1408 891 1473 honoraretur.
911 1407 942 1489 (1
945 1423 957 1489 l

375 1596 385 1611 ,
476 1529 531 1595 Ab
546 1552 636 1595 anno
652 1530 745 1608 1771,
758 1529 912 1596 Concilio
927 1528 978 1594 IV
1005 1526 1189 1593 Mexicano
1204 1526 1324 1605 adluit,
1352 1546 1391 1591 ac
1406 1522 1500 1589 deiu-

427 1632 475 1731 de
491 1654 601 1719 usque
628 1632 672 1699 ad
701 1634 925 1699 annum1792
951 1630 1283 1699 Cuadalaxarisnam
1306 1626 1499 1695 Dioeossim

432 1735 521 1802 rexit
534 1736 644 1802 Rmus
673 1736 729 1802 Fr.
756 1735 930 1802 Antonius
959 1734 1110 1807 Alcalde.
1141 1734 1201 1820 qui
1232 1728 1499 1798 alaudamentis

430 1840 549 1921 erexit,
579 1846 614 1907 st
643 1840 813 1908 ditissime
836 1840 1023 1921 exornavit,
1041 1846 1144 1927 atque
1170 1839 1303 1907 dotavit
1318 1838 1497 1924 Templum

430 1944 469 2009 B.
486 1943 533 2010 M.
545 1944 582 2009 V.
596 1943 639 2011 de
652 1944 866 2031 Gaadalupo,
879 1946 925 2031 (2)
938 1944 997 2011 ubi
1014 1946 1109 2011 cultu
1125 1944 1287 2010 continuo
1303 1963 1412 2027 usque
1428 1963 1498 2007 mo-

430 2045 688 2115 dehonoratur
711 2048 936 2115 sanctissima
964 2048 1068 2135 Virgo
1098 2049 1140 2115 dc
1171 2047 1383 2135 Gusdalupe.
1429 2046 1499 2111 Hic

430 2153 543 2218 cultus
558 2153 653 2218 hisce
668 2153 883 2239 temporibus
899 2154 1257 2239 magnificentissimus
1280 2158 1341 2218 est.

471 2256 571 2323 Anno
587 2257 672 2325 1789
684 2263 840 2323 mortuas
852 2257 919 2323 fuit
930 2258 971 2323 D.
986 2256 1188 2323 Vincentius
1203 2258 1374 2323 Antonius
1386 2256 1428 2321 de
1444 2256 1497 2321 los

428 2360 525 2441 Rios,
540 2360 813 2428 Archidiaoonus
830 2360 1048 2427 Cathedralis
1071 2362 1245 2427 Ecclesiae
1275 2360 1496 2447 Angelopoli·

428 2462 539 2543 tanae,
557 2464 604 2547 (3)
621 2486 691 2551 quo
706 2466 883 2543 suadente,
899 2465 1098 2552 Capitulum
1111 2464 1263 2550 ejusdem
1278 2464 1495 2531 Cathedralis

428 2565 572 2636 adauxit
587 2568 805 2656 splendorem
819 2569 899 2636 lesti
914 2569 953 2635 B.
986 2569 1033 2634 M.
1050 2570 1089 2635 V.
1107 2569 1149 2635 de
1166 2568 1371 2655 Guadalupe
1388 2570 1422 2635 in
1439 2592 1495 2635 ea-

426 2670 504 2738 dem
519 2672 677 2739 Ecclesia
690 2674 852 2741 Matatini
865 2674 1008 2740 solemni
1024 2674 1270 2739 decantatione.
1291 2676 1335 2757 (l)

470 2792 604 2861 Deinde
617 2794 661 2860 ab
672 2818 724 2873 eo,
736 2795 797 2881 qai
808 2796 975 2861 successit
987 2794 1239 2861 Archidiacono
1249 2794 1284 2859 in
1294 2795 1413 2860 eadam
1426 2796 1494 2861 Aa·

424 2896 658 2983 gelopolitana
668 2897 825 2963 Ecclesia
837 2898 1046 2975 cathedrali,
1059 2921 1183 2964 novum
1194 2900 1311 2965 Altare
1323 2904 1491 2965 structum

427 2998 494 3065 fuit
508 3001 543 3066 iu
558 3000 694 3067 Sacello
710 3001 749 3067 B.
764 3002 811 3067 M.
828 3000 867 3067 V.
885 3000 928 3067 ‹le
944 3002 1158 3089 Guadalupe,
1177 3001 1288 3067 eidem
1306 3003 1493 3069 Catlrsdra·

427 3104 451 3169 li
467 3127 607 3171 annexo.
632 3105 745 3191 Atque
757 3106 861 3172 etiam
871 3106 951 3193 pius
964 3106 1130 3173 Sacerdos
1143 3107 1312 3185 Cisneros,
1326 3106 1361 3171 ia
1374 3106 1492 3171 caulem

428 3212 717 3300 Angelopolitana
730 3212 886 3279 Ecclesia
924 3210 1121 3277 Cathedrali
1144 3212 1303 3277 Conteris
1326 3211 1492 3298 dignitate

427 3324 619 3402 decoratus,
632 3327 781 3407 quatuor
793 3318 950 3385 fundavit
973 3316 1189 3405 capellanias,
1204 3322 1243 3383 ut
1264 3309 1406 3381 totidem
1432 3317 1492 3381 Sa·

427 3428 585 3495 cerdotes
600 3430 755 3515 quotidie
771 3430 807 3494 iu
822 3430 999 3516 praedicto
1022 3429 1157 3495 Sacello
1168 3430 1206 3494 B.
1223 3430 1269 3495 M.
1287 3430 1325 3497 V.
1342 3429 1384 3493 de
1400 3428 1492 3493 Gua-

427 3532 554 3619 dalupe
569 3533 717 3599 officium
733 3556 875 3621 parvum
892 3534 1132 3600 Sanctissimae
1155 3534 1221 3598 Dei
1240 3532 1424 3599 Genitricis
1440 3552 1492 3595 re·

426 3636 572 3703 citarent
588 3637 730 3703 chorum
746 3639 974 3703 efformantes.
1003 3642 1050 3722 (5)

466 3846 518 3923 (1)
558 3850 678 3922 Tomel,
696 3852 738 3909 La
754 3850 918 3929 Aparicion
935 3852 974 3913 dc
987 3854 1069 3912 Ntra.
1087 3854 1148 3913 Sra.
1167 3854 1205 3913 de
1218 3852 1405 3929 (luadalupc
1417 3860 1488 3908 lom.

430 3944 481 4015 r.⁹,
496 3964 561 4021 cap.
582 3966 628 4020 14,
645 3968 674 4007 a.
693 3952 751 4022 248
766 3961 795 4009 et
810 3969 873 4026 seq.

468 4042 514 4122 (π)
557 4045 704 4107 Beristain
721 4048 841 4111 Bibliot.
857 4060 911 4109 art.
939 4050 1065 4110 Alcalde
1095 4050 1194 4110 lllmo.
1216 4052 1251 4110 D.
1274 4052 1318 4111 Fr.
1344 4052 1487 4112 Antonio.

465 4145 512 4224 (3)
555 4146 660 4207 Berist.
678 4146 800 4208 Bibliot.
819 4158 875 4209 art.
892 4147 968 4207 Rios
986 4148 1024 4205 D.
1040 4146 1175 4207 Vicontc.

466 4259 511 4336 (4)
554 4261 716 4336 Oquendo,
733 4263 843 4323 Disert.
858 4261 918 4322 hist
943 4264 1030 4323 sobre
1046 4263 1074 4321 lc
1099 4260 1270 4340 Aparicion,
1297 4276 1354 4323 etc.
1371 4276 1443 4323 tour.
1462 4285 1486 4327 2.

426 4375 491 4433 cap.
509 4361 537 4431 8,
551 4360 566 4433 5
586 4356 642 4433 ιο,
658 4361 741 4421 num.
757 4362 826 4438 603.

467 4456 513 4540 (5)
555 4459 710 4537 Oquendo
724 4458 777 4521 abi
791 4480 890 4540 supra
905 4464 991 4523 adm.
1007 4462 1066 4538 ⁶03
1088 4470 1118 4521 et
1140 4462 1208 4535 604.
1308 4458 1311 4463 '
