3625 5217
977 550 1042 617 110

485 712 659 803 inquirere
674 719 782 805 potui
827 718 988 789 Ceterum
1005 728 1134 811 quanta
1163 723 1405 812 antiquissima
1419 722 1464 793 ad
1490 746 1544 791 res

487 823 624 887 nostras
638 823 831 908 spectantia
844 823 1047 905 interierint,
1066 825 1144 915 quis
1160 829 1289 913 poterit
1304 827 1461 896 definire?

529 904 672 993 Absque
687 906 794 974 dubio
821 910 1055 978 testimonium
1085 914 1323 1001 Apparitionis
1354 914 1546 981 invenieba-

486 1008 595 1077 turin
621 1011 935 1083 Constitutionibus
958 1018 1218 1105 antiquissimae
1248 1022 1546 1091 Confraternitatis

487 1107 524 1174 in
538 1108 800 1198 Tepeyaquensi
814 1113 958 1202 Templo
988 1125 1130 1199 erectae,
1147 1120 1190 1187 de
1216 1144 1286 1208 qua
1311 1124 1465 1191 meminit
1479 1122 1546 1189 Pro

486 1210 561 1278 Rex
572 1211 772 1302 Henriquez
786 1238 875 1283 anno
890 1220 985 1299 1575,
1003 1226 1041 1287 ut
1056 1221 1189 1291 dicetur
1204 1224 1239 1289 in
1255 1226 1357 1292 tertia
1371 1230 1469 1314 parte
1484 1226 1546 1291 hu-

485 1314 541 1401 jus
558 1314 819 1386 dissertationis·
864 1321 942 1388 Hae
965 1324 1238 1407 constitutiones,
1262 1328 1292 1394 si
1322 1329 1435 1395 adhuc
1460 1329 1546 1395 exis·

485 1423 573 1500 tunt,
588 1418 698 1487 latent
712 1419 748 1488 in
763 1422 910 1491 obscuro
925 1424 1070 1513 alicujus
1086 1429 1222 1497 archivi.

711 1593 1050 1665 ARGUMENTUM
1087 1599 1289 1670 SEXTUM.

487 1760 666 1845 Multitudo,
681 1771 710 1831 et
737 1767 895 1855 captentur
908 1770 1110 1857 scriptorum,
1126 1774 1369 1861 Apparitioiaem
1388 1776 1425 1841 B.
1444 1776 1487 1841 M.
1514 1776 1544 1841 V.

560 1873 599 1941 de
615 1874 803 1965 Guuotcpe
816 1879 1062 1965 affirmantium,
1078 1884 1145 1969 ejus
1158 1883 1291 1949 ostendit
1306 1884 1477 1949 veritatem.

528 2044 723 2137 Scriptores
738 2048 999 2137 Apparitionem
1015 2054 1221 2121 affirmantes
1236 2054 1499 2133 numerabimus,
1512 2057 1547 2119 et

487 2152 658 2218 mexiceos
673 2172 777 2237 quam
804 2152 981 2240 plurimos,
998 2163 1033 2224 et
1045 2156 1148 2224 etiam
1163 2164 1301 2225 exteros
1316 2158 1352 2223 in
1381 2160 1429 2225 3.*ι
1443 2156 1546 2223 Parte

486 2250 591 2339 hujus
602 2247 856 2319 dissertationis
867 2254 904 2321 in
915 2255 1147 2341 Euplouotione
1161 2242 1444 2344 comprobatione
1455 2257 1547 2321 iicto-

487 2358 558 2425 riou
571 2355 674 2444 hujus
689 2362 889 2445 argumenti.
920 2362 993 2431 Nec
1008 2366 1228 2432 asserendum
1245 2388 1363 2432 omnes
1378 2366 1427 2433 ibi
1443 2387 1547 2432 ennu-

487 2461 622 2554 merari.
650 2460 763 2547 Atque
784 2466 887 2528 etiam
901 2465 1053 2531 notendu
1071 2468 1139 2532 min
1165 2465 1399 2553 scriptoribus,
1415 2464 1458 2533 de
1474 2468 1548 2553 qui·

486 2565 552 2633 bus
567 2564 623 2633 hic
637 2568 757 2654 egitur,
773 2588 841 2633 non
857 2566 982 2633 includi
1005 2574 1268 2637 concionatores.

529 2668 689 2737 validum
699 2668 744 2737 sd
755 2668 1030 2759 Guedalupcnsis
1042 2673 1278 2761 Appcritionis
1290 2676 1467 2740 veritatem
1480 2678 1548 2740 ste·

367 2832 373 2846 ,
488 2771 673 2841 biliendam
684 2796 726 2841 ex
737 2775 962 2862 scriptoribus
974 2776 1107 2843 ducitur
1120 2782 1365 2867 argumentum:
1381 2776 1473 2863 quod
1488 2799 1547 2863 pa·

488 2884 539 2949 tet
553 2899 597 2945 cx
612 2879 843 2965 sequentibus:

531 2982 582 3049 1.0
596 2982 651 3052 Eu
664 2985 815 3073 ipsorum
825 2986 1029 3070 scriptorum
1042 2986 1253 3051 auctoritate.
1271 2984 1357 3067 Quis
1372 2987 1462 3051 enim
1478 3006 1548 3050 ore·

490 3084 550 3153 dat
564 3091 618 3153 tot
631 3086 724 3154 viros
735 3086 896 3167 eruditos,
909 3091 979 3155 sive
989 3094 1136 3168 exteros
1153 3090 1223 3155 sive
1239 3094 1445 3169 mexicanos,
1463 3090 1548 3153 iuter

489 3209 577 3277 quos
585 3212 654 3257 non
665 3195 763 3281 pauci
775 3195 999 3281 reperiuntur,
1012 3198 1047 3259 et
1059 3196 1200 3259 scientia
1211 3193 1404 3281 theologice
1416 3192 1548 3279 conspi-

490 3306 553 3384 cui,
569 3308 731 3371 etrerum
760 3309 954 3371 nostrarum
984 3307 1199 3389 antiquarum
1229 3306 1438 3392 peritissimi,
1469 3324 1550 3369 vera

491 3406 585 3500 apud
599 3432 637 3477 se
651 3410 789 3490 habere,
806 3416 842 3477 et
856 3416 960 3478 etiam
976 3410 1113 3497 scriptis
1125 3410 1224 3477 libris
1240 3431 1392 3478 asserere
1407 3430 1470 3496 per
1485 3410 1550 3473 trie

491 3519 628 3587 saecula
642 3524 678 3586 et
692 3518 850 3607 amplius,
866 3542 908 3585 ea
923 3518 1091 3585 mirabilia
1106 3518 1147 3586 de
1164 3518 1288 3606 quibus
1304 3540 1372 3585 uon
1387 3518 1438 3581 eis
1454 3536 1549 3579 cons·

491 3628 582 3693 taret
604 3627 803 3710 inconcusso
815 3623 1051 3691 fundamento?

533 3730 584 3797 2⁰
606 3729 661 3796 Ex
677 3750 719 3795 eo
730 3728 824 3815 quod
835 3752 922 3818 opus
934 3733 993 3795 aut
1008 3728 1208 3816 opusculum
1220 3727 1263 3794 de
1275 3724 1498 3813 Appariticne
1509 3720 1548 3787 B.

490 3832 536 3905 M
550 3834 588 3900 V.
603 3834 645 3900 de
661 3832 864 3921 Guadalupe
880 3836 973 3922 typis
989 3832 1127 3911 etiitum,
1157 3854 1225 3897 non
1254 3826 1491 3897 tantummodo
1504 3828 1552 3911 ip·

490 3940 560 4004 sius
572 3942 720 4005 auctoris
734 3938 776 4007 es
790 3939 832 4006 de
849 3962 885 4005 re
900 3942 1106 4006 sententiam
1122 3937 1282 4016 ostendit,
1299 3936 1461 4023 quoniam
1478 3936 1548 3999 sine

490 4039 684 4128 Superioris
697 4038 836 4106 licentia
850 4042 943 4125 typis
959 4032 1011 4105 edi
1029 4062 1098 4105 non
1114 4041 1233 4124 potuit.
1258 4038 1356 4105 Haec
1382 4048 1496 4100 cutem
1511 4032 1549 4097 li-

487 4146 684 4211 cantianos
713 4142 909 4210 conceditur
924 4146 987 4209 nisi
1004 4146 1098 4229 prius
1122 4163 1209 4228 opus
1241 4141 1294 4207 vel
1311 4138 1547 4227 opusculuma

489 4250 563 4316 viro
578 4250 741 4337 sapiente,
758 4248 977 4335 a'Superiore
993 4246 1036 4313 ad
1066 4246 1132 4312 hoc
1146 4245 1335 4333 designato,
1367 4244 1501 4332 legatur
1515 4244 1549 4307 et

490 4351 712 4443 approbetur.
759 4352 808 4419 At
822 4373 904 4419 vero
920 4350 964 4418 ad
978 4351 1237 4439 impressionem
1252 4346 1354 4435 hujus
1368 4350 1502 4437 generis
1512 4344 1550 4411 li·
