3625 5217
801 646 862 713 131

299 814 426 902 dalupe
441 814 530 882 festa
543 814 619 883 dies
640 816 844 883 duodecima
872 818 1074 885 Decembris
1090 816 1126 885 in
1158 823 1362 906 perpetuum

299 920 367 985 sub
395 924 465 985 ritu
492 918 624 1007 duplici
653 921 783 1007 primae
816 920 936 986 classis
963 942 1040 987 cum
1066 926 1188 989 octava
1214 944 1363 1009 peraga-

302 1022 388 1089 tur.''
404 1023 451 1105 (l)

344 1126 399 1191 En
414 1126 516 1191 aliam
532 1126 786 1193 concessionem
809 1127 867 1195 SS.
886 1127 928 1193 D.
946 1124 1125 1195 Benedicti
1141 1126 1235 1207 XIV,
1252 1126 1287 1193 in
1302 1127 1364 1193 ho·

300 1254 417 1299 norem
432 1234 472 1300 Β.
489 1234 535 1300 Μ.
552 1234 591 1301 V.
608 1235 651 1302 de
679 1236 893 1325 Guadalupe‚
910 1260 1013 1323 quam
1041 1241 1089 1304 ita
1103 1238 1208 1305 refert
1233 1238 1364 1305 Mansi-

300 1338 433 1425 rusz'(2)
448 1338 487 1402 P.
505 1338 708 1405 Franciseue
722 1338 838 1426 Lopez
854 1341 942 1407 “hoc
958 1341 1078 1408 eodem
1094 1341 1234 1428 pietatis
1251 1342 1365 1407 nomi-

300 1464 343 1506 ne
359 1442 549 1507 consecrari
563 1443 767 1527 excogitavit
795 1464 894 1508 cerea
909 1428 1068 1510 eoelestis
1084 1444 1172 1529 ligni
1203 1444 1363 1525 amuleta,

305 1545 478 1630 quibusin
489 1552 586 1632 parte
602 1544 1262 1633 edversaobsignareturGuadalupana
1279 1546 1366 1615 Rem

299 1648 427 1715 detulit
441 1648 485 1714 ad
500 1648 711 1727 Pontificem,
727 1647 788 1733 qui
804 1672 881 1713 cum
896 1648 1033 1715 audiret
1047 1648 1220 1732 ingentem
1249 1672 1364 1719 eonse-

298 1751 504 1817 crandorum
519 1729 698 1816 ndmerum
728 1752 772 1816 ub
787 1750 926 1819 homine
942 1751 1164 1839 postulatum,
1196 1754 1365 1821 renuebat

297 1855 448 1941 quidem,
464 1854 500 1919 id
515 1858 684 1924 causatus,
704 1875 725 1920 a
740 1876 863 1941 magna
877 1856 978 1941 copia
993 1853 1163 1939 ejusmodi
1178 1857 1286 1923 sacris
1302 1856 1364 1923 im·

299 1958 406 2023 minui
422 1956 656 2029 reverentiam,
668 1960 704 2021 et
715 1976 752 2021 se
765 1977 882 2020 cavere
898 1954 1094 2033 admodum,
1107 1976 1150 2021 ne
1163 1957 1277 2042 porcis
1289 1962 1365 2026 mit-

298 2062 388 2123 teret
416 2055 626 2142 margaritas
671 2054 737 2121 (lui
767 2054 947 2140 Lopezius:
978 2054 1148 2139 Equitem.
1178 2054 1366 2124 Beatissimo

300 2160 411 2237 Pater,
427 2158 584 2243 quidquid
607 2158 685 2223 olibi
700 2157 818 2242 sumit
837 2157 1074 2224 Mecieuumum
1104 2178 1239 2223 musam
1253 2166 1366 2243 ⁰9⁰st

299 2264 382 2327 ucello
396 2261 553 2327 mendacii
563 2261 702 2346 periodi
716 2268 810 2325 teetor
823 2260 858 2325 iu
871 2261 928 2325 illa
948 2260 1042 2327 Orbis
1067 2268 1162 2347 purte
1187 2262 1365 2329 mammam

300 2368 343 2429 iia
356 2365 500 2429 crriidetia
513 2363 741 2427 vacuationem
753 2364 928 2447 praeatum:
942 2386 1018 2429 uum
1032 2370 1060 2427 et
1073 2364 1106 2429 in
1122 2364 1193 2429 uria
1218 2364 1365 2431 collocan-

298 2492 352 2547 ur,
365 2476 395 2531 et
407 2467 462 2551 pti>
484 2472 706 2530 mulrmiuuum
720 2472 903 2531 ornamento
916 2472 997 2545 ment,
1014 2488 1149 2552 quarum
1178 2468 1278 2534 ucello
1287 2490 1365 2554 pen·

295 2572 367 2635 dcc
381 2570 475 2635 thecia
488 2568 604 2645 careia,
634 2574 691 2631 out
704 2568 858 2651 crpeuteta
872 2569 1008 2649 inclitam·
1022 2576 1051 2634 et
1076 2592 1239 2657 uunquam
1265 2571 1330 2635 aiei
1343 2594 1366 2637 a

298 2672 474 2751 Sacerdote
491 2671 579 2735 cudo
593 2670 726 2735 taminia
753 2693 849 2735 manu
873 2674 1102 2755 cnuicqccmr.
1147 2672 1365 2741 Ooummovit

179 2814 184 2831 ·
297 2775 477 2842 Pontificio
492 2774 643 2839 animum
670 2774 731 2839 illu
744 2774 833 2840 Novi
859 2772 965 2840 Orbis
980 2774 1113 2861 religio;
1142 2796 1245 2861 quam
1260 2781 1301 2842 ut
1315 2774 1365 2841 fo·

295 2885 401 2956 vetet,
416 2877 656 2944 lubentissime
671 2900 709 2943 se
725 2877 898 2963 praestitit
914 2879 1044 2945 orantis
1070 2878 1272 2945 voluntati.”

340 2981 422 3069 Ipse
454 2980 514 3047 SS.
542 2978 584 3045 D.
614 2980 804 3045 Beneditus
833 2980 918 3046 XIV
948 2981 1094 3047 officium
1123 2985 1300 3070 proprium
1329 2985 1365 3049 et

298 3084 442 3149 Missam
473 3082 648 3169 propriam
663 3082 702 3149 B.
733 3082 780 3148 M.
797 3080 835 3147 V.
850 3081 893 3147 de
924 3082 1126 3171 Gusdalupe
1142 3084 1179 3151 in
1203 3084 1365 3151 omnibus

298 3189 459 3255 dominiis
491 3187 737 3273 Hispaniarum
753 3186 841 3273 Regi
855 3208 897 3253 eo
927 3192 1080 3273 tempore
1096 3188 1270 3275 subjectis,
1295 3190 1363 3255 ritu

296 3296 428 3382 duplici
443 3292 565 3379 majori
577 3292 721 3359 recitare
736 3290 914 3356 concessit
942 3289 987 3371 (3)

338 3397 584 3463 sanctissimus
601 3394 769 3459 Dominus
780 3391 990 3458 Benedictus
1002 3392 1095 3473 XIV,
1110 3392 1272 3481 quoniam
1288 3414 1364 3461 cau·
1489 3466 1495 3477 ‚

295 3525 336 3568 sa
349 3497 556 3587 impetrandi
572 3496 862 3563 confirmationem
892 3496 1172 3585 Guadulupeusis
1204 3497 1364 3563 Patrona-

296 3616 362 3688 tus‚
393 3615 429 3675 et
451 3606 570 3688 *officii
600 3604 740 3691 proprii,
757 3609 792 3670 et
808 3605 918 3673 Misae
949 3610 983 3671 in
1012 3606 1101 3674 festo
1117 3608 1155 3673 B.
1173 3607 1220 3676 M.
1249 3607 1287 3675 V.
1319 3605 1363 3674 de

294 3711 509 3797 Guudalupe‚
527 3709 647 3795 Imago
674 3706 845 3793 Deiparae
860 3708 904 3774 de
934 3708 1139 3797 Guadalupe
1154 3731 1224 3796 quo
1240 3707 1363 3777 melius

338 3887 383 3961 (ι)
427 3884 556 3943 Litterae
584 3880 775 3959 Apostolicae
803 3880 961 3943 videantur
986 3882 1017 3941 in
1046 3880 1187 3960 operibus
1215 3892 1245 3942 et
1260 3898 1362 3941 eonrm

295 3982 370 4042 locis
386 3981 509 4059 praeeit.

337 4085 382 4155 (ι)
428 4080 473 4139 De
504 4078 582 4139 Vitis
609 4076 728 4153 aliquot
753 4076 986 4137 mexicanorum.
1017 4090 1073 4139 etc.
1096 4089 1169 4155 tom.
1189 4096 1216 4145 2.
1245 4076 1297 4137 ubi
1324 4076 1364 4139 de

298 4182 330 4239 P.
351 4180 510 4240 Francisco
526 4180 634 4254 Lopez,
650 4196 703 4255 per
718 4176 861 4236 medium.

336 4286 382 4355 (3)
427 4280 475 4338 Ita
490 4292 608 4337 constat
635 4275 665 4334 ir.
697 4275 854 4347 Breviario,
874 4275 904 4335 in
921 4274 1041 4354 proprio
1057 4276 1236 4337 Sanctorum
1250 4274 1303 4354 qui
1331 4272 1362 4335 iu

298 4376 446 4455 Hispania
460 4378 656 4451 celebrantur,
672 4376 702 4433 in
719 4376 788 4434 fine.
