3625 5217
1009 524 1072 591 126

687 730 1030 799 ARGUMENTUM
1058 730 1363 799 UNDECIMUM.

498 905 730 991 Comprobotar
743 905 933 989 ‚firmissime
948 906 1123 991 Appositis
1138 906 1177 970 B.
1197 906 1236 971 Μ
1262 904 1294 971 V.
1309 905 1347 971 de
1368 902 1552 987 Gradatape

534 1030 573 1072 a
586 1008 644 1085 aa,
661 1028 741 1093 quae
755 1030 777 1072 a
792 1006 936 1074 Summis
951 1007 1157 1093 Pontificibus
1172 1015 1244 1075 acta
1258 1016 1329 1073 sant
1344 1007 1389 1073 od
1400 1005 1514 1071 callam

579 1112 678 1197 ipsias
691 1109 917 1176 Sanctissimae
934 1110 1073 1195 Virpieis
1087 1110 1124 1176 de
1145 1110 1333 1197 Gitadalape
1342 1130 1472 1197 promo

835 1217 969 1282 validam
989 1224 1016 1283 el
1031 1216 1215 1303 aspendum.

537 1389 697 1455 Validam
710 1389 850 1475 quidem
862 1396 916 1454 est
928 1394 1174 1476 argumentum,
1192 1388 1285 1477 quod
1301 1388 1345 1454 ed
1360 1386 1555 1475 Apparitio·

494 1501 547 1567 nis
562 1500 841 1587 Guadalupensis
857 1499 1100 1565 stabiliendam
1117 1500 1296 1566 veritatem
1309 1498 1501 1565 desumitur
1516 1520 1553 1562 ex

494 1605 664 1671 constanti
680 1603 930 1691 approbatione
946 1603 1212 1691 Episcoporum;
1235 1610 1271 1669 at
1301 1602 1411 1667 multo
1426 1602 1554 1667 firmius

493 1713 570 1799 ipsa
582 1712 708 1779 vanitas
721 1710 965 1798 comprobatur
981 1732 1022 1775 ex
1034 1709 1099 1788 his,
1111 1731 1199 1795 qnae
1211 1730 1231 1774 a
1244 1708 1478 1775 Sanctissimis
1487 1708 1555 1773 Do·

494 1823 577 1889 mini
592 1822 711 1889 Nostri
725 1822 750 1888 J
751 1844 812 1887 esu
826 1820 959 1887 Christi
969 1820 1117 1886 Vicariis
1130 1824 1207 1885 aeta
1218 1822 1299 1883 sunt
1311 1816 1354 1882 ad
1367 1818 1506 1895 cultum,
1523 1822 1555 1881 et

494 1927 658 1992 honoram
668 1924 707 1990 B.
719 1924 764 1990 M.
779 1924 817 1989 V.
827 1924 870 1989 de
882 1923 1088 2011 Guadalupe
1100 1920 1379 2010 promovendum,
1390 1926 1425 1985 et
1434 1941 1555 2005 augen-

494 2029 584 2095 dum.
617 2029 713 2111 Quae
729 2034 843 2093 autem
855 2026 898 2091 ad
915 2026 951 2091 id
969 2025 1221 2112 assequendum
1237 2029 1313 2089 acta
1328 2028 1409 2089 sunt
1424 2046 1445 2088 a
1460 2022 1556 2089 Sum-

495 2128 560 2195 mis
576 2126 812 2204 Pontifioibus,
829 2125 873 2191 ed
888 2130 1039 2211 quatuor
1056 2124 1169 2212 capita
1186 2122 1361 2213 commode
1390 2122 1555 2189 reducun-

494 2238 560 2297 tur:
575 2231 660 2297 haec.
675 2235 756 2297 sunt
771 2232 893 2315 capita:
918 2230 966 2294 l.⁰
998 2226 1296 2315 Indulgentiarnm
1313 2226 1500 2305 concessio,
1513 2226 1554 2291 si·

496 2360 535 2403 ve
551 2333 889 2403 confraternitatibns
906 2333 943 2397 in
958 2332 1123 2397 honorem
1149 2330 1186 2395 B.
1204 2330 1249 2395 M.
1267 2330 1305 2394 V.
1323 2328 1366 2395 de
1382 2327 1554 2395 Guadalu·

495 2464 537 2527 pa
554 2441 714 2507 canonice
729 2441 912 2522 institutis,
930 2443 1002 2508 sire
1019 2442 1295 2528 quibuscumque
1311 2440 1482 2518 fidelibus,
1499 2442 1554 2525 qui

494 2544 603 2612 uultui
615 2544 727 2632 ipsius
736 2546 907 2634 Deiparae
923 2546 965 2611 de
977 2546 1182 2633 Gundalupe
1196 2568 1334 2632 operam
1347 2544 1469 2613 darent
1486 2546 1554 2613 sive

494 2647 529 2713 in
544 2648 619 2735 ejus
634 2648 784 2735 templis,
797 2650 869 2715 sira
882 2650 951 2715 alio
965 2650 1074 2715 mode.
1094 2652 1138 2714 2.⁰
1154 2648 1339 2715 Concessio
1354 2650 1506 2727 honoria,
1522 2655 1555 2713 et

495 2748 782 2838 praeeminentiae
798 2751 942 2839 Templo
959 2751 1230 2841 Tepeyaquensi,
1244 2752 1358 2839 inquo
1371 2752 1555 2840 ipsaorigi-

494 2856 582 2921 nalis
597 2855 717 2941 Imago
731 2854 770 2920 Β.
788 2856 834 2921 Μ.
849 2856 888 2922 V.
907 2856 949 2923 de
966 2856 1170 2943 Gnadalupe
1184 2861 1352 2935 servatur,
1368 2862 1404 2921 et
1421 2878 1554 2923 venera·

494 2965 560 3038 tur,
577 2958 630 3023 vel
645 2958 722 3023 aliis
737 2958 876 3047 templis
902 2958 1057 3045 ejusdem
1087 2958 1126 3024 B.
1146 2960 1182 3023 V.
1201 2958 1243 3024 de
1260 2958 1474 3047 Guadalupe.
1506 2960 1553 3025 3.0

430 3052 435 3066 '
495 3060 716 3127 Confirmatio
745 3060 953 3127 Patronatas
979 3060 1186 3149 Principalis
1216 3061 1254 3126 B.
1272 3062 1318 3126 M.
1336 3060 1375 3126 V.
1407 3061 1449 3127 de
1467 3062 1555 3129 Gua-

495 3162 620 3249 dalups
652 3186 715 3250 pro
745 3163 1214 3251 unire1·saNoraHispania,
1239 3170 1274 3230 et
1304 3166 1480 3230 concessio
1494 3164 1556 3231 les·

496 3266 523 3332 ti
551 3266 794 3333 solemnissimi
824 3267 959 3333 (110112
991 3267 1203 3347 Decembris,
1236 3276 1339 3355 atque
1356 3269 1459 3334 etiam
1476 3268 1555 3335 offi-

495 3370 527 3435 01
542 3369 685 3457 proprii,
702 3376 737 3435 et
766 3370 895 3435 Missae
913 3370 1072 3457 propriae
1095 3371 1132 3436 in
1147 3372 1310 3437 honorem
1329 3372 1437 3459 ipsius
1453 3372 1491 3438 B.
1509 3372 1553 3439 M.

495 3474 534 3539 V.
548 3474 590 3540 da
604 3473 816 3561 Guadalupo.
840 3476 886 3539 4.⁹
915 3474 1082 3540 Entensio
1111 3475 1216 3560 hujus
1246 3476 1336 3557 festi,
1352 3476 1418 3543 etsi
1435 3478 1554 3543 minori

497 3581 723 3657 solemnitate,
739 3586 836 3645 extra
846 3578 1030 3645 Nationem
1041 3578 1263 3645 Mexioanam.

538 3684 744 3753 Nullatenus
759 3682 968 3769 sperandum
985 3682 1099 3747 omnia
1125 3688 1160 3747 et
1176 3682 1311 3771 singula
1339 3684 1396 3751 hio
1411 3708 1487 3752 esse
1503 3708 1557 3752 ex·

496 3787 656 3865 bibenda,
669 3809 758 3873 quae
770 3808 790 3851 a
802 3784 953 3852 Summis
965 3783 1192 3851 Pontificibus
1202 3785 1329 3853 fuerint
1340 3810 1501 3856 concessa
1516 3788 1558 3855 ad

495 3890 625 3959 onltum
641 3888 834 3977 augendum
851 3887 890 3953 B.
906 3886 952 3952 M.
971 3886 1009 3952 V.
1027 3886 1069 3955 de
1093 3886 1308 3977 Guadalupe3
1323 3913 1385 3957 neo
1400 3891 1490 3957 enim
1507 3898 1558 3958 est

496 3998 595 4066 facile
611 3997 654 4063 de
685 3995 845 4061 omuibus
868 3992 1027 4059 notitiam
1043 3992 1234 4079 adquirere,
1252 4016 1339 4081 quae
1370 3996 1509 4083 templis
1524 3997 1558 4063 in

495 4102 570 4189 ejus
585 4102 749 4167 honorem
764 4098 888 4164 dicatis
900 4097 937 4162 in
954 4096 1009 4161 his
1024 4096 1078 4161 rel
1091 4095 1161 4163 illis
1177 4097 1262 4163 locis
1279 4120 1299 4163 a
1314 4096 1444 4165 Christi
1462 4098 1558 4165 Vica-

496 4206 559 4271 riis
575 4226 756 4269 concessae
782 4202 918 4267 luerint.
958 4199 1112 4266 Sufficiat
1141 4200 1258 4287 aliqua
1287 4223 1456 4280 enarrare,
1484 4224 1559 4267 cum

495 4308 589 4379 hisee
604 4308 641 4375 in
652 4307 756 4375 rebus
767 4328 808 4372 ox
820 4304 1022 4371 auctoritate
1035 4306 1085 4370 ris
1095 4303 1243 4395 pendeat
1254 4303 1458 4395 argumenti
1472 4326 1559 4395 quae
