3625 5217
942 441 986 515 m

426 616 488 700 vin
501 618 586 688 Cum
600 624 678 689 anie
690 620 784 687 illam
796 621 962 709 pervenit,
978 621 1077 689 vaide
1089 622 1233 690 miratus
1255 629 1310 690 est
1320 628 1485 710 quantum

426 728 518 791 ossei
533 724 666 805 decoro,
688 724 793 791 vestis
809 725 883 812 ejus
896 724 986 793 sicui
997 727 1050 792 sol
1059 726 1255 813 effulgebat
1269 731 1387 814 petros
1402 749 1487 813 qno·

425 850 492 914 que
503 834 637 908 etsaxu,
659 850 764 915 supra
776 850 864 915 quae
883 828 1065 907 eminebat,
1079 829 1180 914 quusi
1192 830 1327 917 lapides
1342 829 1486 917 pretiosi

424 931 460 997 in
473 930 645 997 ditissimo
654 937 765 998 stratu
776 930 968 1010 elueebani;
978 932 1090 997 solum
1106 954 1187 998 vero
1202 931 1301 999 iridis
1313 932 1488 999 coloribus

426 1033 623 1113 ornabatur3
642 1033 745 1101 ioiine
761 1040 876 1101 urriem
894 1040 929 1100 et
944 1035 1113 1121 prosopis‚
1126 1037 1172 1119 (l)
1192 1041 1228 1101 et
1248 1035 1421 1122 opuntius,
1439 1036 1485 1119 (2)

424 1136 625 1217 stelionum,
647 1136 805 1223 quesibi
824 1138 1061 1217 noscebantur,
1086 1160 1267 1225 parvorum
1292 1138 1486 1217 herbarum,

425 1240 1489 1329 velutsmaragdus,ueluiiuroicagemmn,siosppurebaot;ra·

427 1344 473 1409 mi
489 1350 732 1411 antemnarum
745 1350 780 1411 et
796 1344 915 1431 spinae
929 1367 969 1411 no
979 1346 1011 1411 si
1022 1366 1146 1411 aureus
1168 1350 1285 1411 esseni
1296 1344 1486 1411 elucebant

427 1448 549 1514 Corum
567 1448 716 1515 Domine
741 1469 816 1513 sese
847 1448 1038 1513 humillimo
1068 1447 1266 1535 prostravit
1293 1445 1490 1535 gratissime

428 1550 463 1617 ei
476 1551 722 1639 benignissima
748 1551 852 1617 verbe
867 1552 942 1638 ejus
957 1551 1099 1631 audivit,
1115 1552 1289 1637 quomodo
1304 1550 1490 1619 tenerrimo

429 1676 542 1719 amore
555 1654 642 1719 dixit
653 1654 715 1719 illi:
731 1654 760 1719 Α
766 1654 829 1733 terli,
844 1656 889 1739 (3)
914 1656 1051 1720 Jonnner
1068 1655 1183 1739 (emti,
1200 1676 1290 1741 quem
1305 1655 1398 1740 quoni
1406 1676 1490 1739 por·-

429 1758 536 1823 vninm
550 1764 578 1821 et
592 1756 757 1821 ‹ieiiroiu'm
773 1757 937 1822 tenerrime
951 1757 1056 1842 drino,
1075 1760 1120 1842 (5)
1137 1780 1198 1843 qno
1207 1758 1309 1844 petie?
1335 1758 1490 1845 Respou·
1581 1802 1587 1811 ·

427 1860 480 1927 dit
493 1860 563 1925 ille:
581 1860 730 1937 Domino,
756 1860 765 1923 Ι
780 1860 857 1944 irpo,
871 1860 1029 1925 Merinum
1045 1860 1210 1927 Tintiloleo
1222 1860 1302 1926 uotlo
1313 1861 1346 1925 in
1359 1861 1488 1925 donemn

429 1970 526 2043 inam,
542 1962 587 2027 nd
601 1984 668 2027 rem
693 1962 846 2041 diuinum,
862 1968 890 2026 et
905 1962 1092 2043 doctrinam,
1115 1986 1212 2049 quarn
1226 1962 1490 2030 unisonantiam

428 2072 456 2131 ei
470 2065 577 2131 dorent
593 2064 726 2131 Domini
740 2064 840 2131 inuniri
856 2063 1013 2143 nonin-ri,
1041 2065 1223 2131 Sacerdotes
1238 2067 1345 2133 rimini.
1391 2066 1493 2133 Illico

430 2169 639 2235 voluntatem
667 2189 763 2233 suam
796 2167 849 2233 illi
886 2168 992 2255 Virgo
1008 2168 1270 2248 deela1·evit;uit
1293 2170 1356 2243 illi:
1402 2170 1493 2237 “Sci-

431 2278 477 2352 to,
503 2271 725 2337 dilectissimo
749 2270 808 2349 fili,
833 2270 993 2336 Sanctam
1015 2270 1162 2337 Mariam
1187 2294 1240 2339 me
1255 2295 1340 2352 esse,
1357 2294 1492 2361 semper

431 2376 615 2464 Virginem,
646 2377 793 2443 Matrem
825 2379 897 2444 reri
912 2379 988 2458 Dei,
1004 2379 1095 2444 ritae
1112 2378 1272 2457 auctoris,
1302 2378 1363 2465 qui
1379 2377 1494 2449 omnia

432 2478 570 2559 creavit,
581 2486 616 2545 et
631 2480 745 2545 omnia
757 2480 914 2559 sustinet,
941 2482 1083 2547 Domini
1099 2481 1186 2547 coeli
1215 2488 1251 2547 ei
1279 2487 1401 2547 tenne:
1416 2481 1495 2547 volo

433 2582 538 2671 igiiur
556 2588 594 2647 nt
609 2582 644 2647 in
659 2582 735 2648 loeo
759 2582 828 2649 isio
843 2584 1011 2671 templum
1026 2584 1062 2649 iu
1074 2606 1187 2651 meum
1199 2584 1364 2651 honorem
1378 2582 1495 2649 aedifi·

433 2691 538 2763 netur,
555 2684 616 2751 ubi
631 2707 764 2751 omnem
782 2708 894 2751 meum
910 2708 1061 2753 amorem
1077 2710 1117 2753 aa
1131 2688 1295 2774 pietatem
1305 2686 1495 2764 ostendum,
1539 2688 1545 2697 '

434 2826 560 2839 m

475 2892 519 2971 (ι)
563 2893 713 2971 ,ilt'rqur'tL
733 2894 872 2973 Prosopis
888 2895 992 2966 dulcm,
1009 2898 1049 2955 H.
1072 2899 1119 2957 lt?

475 2998 519 3071 (r)
562 2996 697 3073 nepaln',
714 2998 825 3059 Cactus
840 2996 975 3074 opuntia,
991 3000 1040 3059 L.?

475 3098 519 3171 (3)
563 3094 721 3155 Mexicane
736 3096 862 3175 hebetur
875 3094 904 3155 in
920 3096 978 3155 hoc
1000 3095 1176 3173 imperativo
1192 3096 1370 3174 significatio
1398 3094 1497 3171 benig·

435 3202 543 3251 nitatis.

476 3289 520 3367 (4)
565 3292 634 3351 Hoc
650 3308 760 3351 nomen
776 3292 866 3351 habet
882 3291 1035 3353 mexicane
1049 3294 1225 3370 particulam
1239 3296 1441 3355 affectuosam

477 3394 521 3473 (5)
566 3396 628 3455 Hic
642 3394 740 3471 aptior
754 3406 799 3455 est
816 3395 926 3455 modus
940 3395 979 3455 ad
1003 3394 1227 3472 exprimendam
1250 3392 1499 3473 significationem

437 3497 514 3559 iliius
530 3496 683 3558 tenerrimi
697 3495 808 3557 amoris
822 3514 884 3573 quo
906 3498 940 3557 Β,
956 3497 994 3556 V.
1010 3498 1054 3557 M.
1067 3493 1222 3557 menioane
1236 3496 1388 3573 Joannern
1403 3494 1498 3556 Dida·

436 3616 504 3657 curn
518 3608 563 3657 est
577 3598 715 3657 allocuta.
746 3598 814 3673 Jam
829 3594 974 3671 deinceps
988 3612 1050 3654 non
1065 3613 1187 3655 necesse
1201 3593 1256 3655 erit
1280 3593 1312 3654 in
1327 3594 1501 3656 collocutio

436 3696 524 3781 nibus
536 3698 568 3760 B.
584 3698 629 3759 M.
640 3698 676 3755 V.
690 3708 719 3757 et
733 3692 862 3773 Joannis
876 3694 995 3767 Diduri,
1019 3693 1176 3755 mexicano
1190 3713 1337 3766 sermone,
1354 3696 1500 3757 adnotare

437 3794 685 3877 significationem
714 3792 915 3873 benignitatis
938 3806 968 3855 et
994 3792 1105 3855 amoris
1132 3795 1169 3854 V.
1197 3795 1242 3855 Μ.
1266 3804 1296 3855 et
1319 3792 1502 3856 reverentino

436 3895 564 3974 Joannis
580 3892 702 3965 Diduci,
718 3912 794 3970 quae
809 3892 988 3972 significatio
1002 3912 1065 3954 non
1077 3911 1195 3971 semper
1205 3890 1298 3953 latine
1314 3891 1438 3971 exprimi
1448 3895 1505 3973 'po-

437 4008 502 4058 test.
545 3992 626 4055 Scire
641 3992 766 4054 sufficiat
790 3992 830 4053 ita
846 3992 930 4070 loqui
944 3990 1167 4053 sanctissimam
1178 3990 1342 4069 Virginem,
1358 3992 1403 4053 uti
1416 3992 1505 4054 decet

436 4092 583 4172 Reginam
600 4104 629 4153 et
659 4092 787 4151 Matrem
818 4090 1049 4165 misericordiae;
1077 4102 1168 4167 atque
1193 4087 1232 4151 ita
1259 4088 1342 4165 ioqui
1355 4092 1505 4167 Joannem

439 4190 598 4271 indacum,
615 4189 656 4250 nti
672 4186 823 4270 proprium
839 4200 883 4251 est
899 4188 950 4249 viri
965 4188 1115 4267 simplicis,
1134 4200 1164 4250 et
1177 4187 1299 4264 humilis
1312 4188 1412 4265 corde.
