3625 5217
869 452 873 461 ’
983 459 1046 527 124

482 628 593 695 lucem
608 651 733 716 negare
750 630 872 697 merito
888 630 1060 699 diceretur
1078 633 1146 712 ille,
1163 632 1224 720 qui
1238 631 1458 721 Episcopalis
1473 652 1543 697 auc·
1643 676 1647 681 =

483 731 634 798 toritstis
649 732 886 801 fulcimentum
902 742 1043 823 negaret
1058 736 1094 803 in
1110 736 1277 802 miraculo
1303 734 1542 823 Apparitionis.

524 834 607 921 Ipse
622 834 732 902 Rmus
747 838 957 925 Zumarraga
972 838 1056 924 quid
1075 838 1169 905 aliud
1185 838 1256 925 egit
1270 837 1338 905 nisi
1354 846 1391 905 ut
1405 836 1544 925 Appsri-

483 939 612 1005 tionem
624 962 688 1005 sua
699 942 903 1009 auctoritate
917 944 1143 1021 confirmaret,
1161 944 1299 1029 quando
1312 942 1428 1011 statim
1447 948 1483 1009 ut
1497 962 1544 1007 sa-

466 1064 575 1113 cram
590 1042 780 1130 Imaginem
795 1045 838 1110 ds
870 1046 1075 1132 Guadalupe
1091 1046 1126 1111 in
1143 1047 1235 1133 uyatl
1250 1048 1273 1113 J
1275 1046 1396 1113 oannis
1426 1044 1544 1112 Didsci

483 1145 579 1224 vidit,
595 1147 690 1212 illam
707 1147 898 1215 humillime
916 1157 1098 1216 veneratus
1114 1155 1176 1227 est,
1194 1156 1298 1235 atque
1315 1156 1354 1215 ut
1385 1150 1429 1215 ab
1445 1148 1545 1213 omni·

484 1250 549 1317 bus
565 1258 784 1317 veneraretur
796 1252 832 1316 in
843 1252 1023 1338 Templum
1038 1252 1147 1339 majus
1159 1252 1352 1318 Mexiceum
1364 1252 1498 1331 detulit,
1513 1268 1545 1325 et

484 1356 631 1440 primum
661 1355 930 1441 Tepeyaquense
947 1354 1127 1442 Templum
1144 1355 1346 1435 aedificavit,
1377 1364 1481 1441 atque
1495 1376 1544 1419 so·

485 1456 697 1525 lemnissima
711 1459 930 1545 processione
947 1482 1078 1523 sacram
1094 1458 1286 1545 Imaginem
1316 1460 1359 1525 de
1375 1458 1545 1525 Guadalu-

485 1584 528 1651 pe
543 1562 580 1627 in
595 1561 682 1627 illud
697 1560 832 1639 detulit,
844 1561 906 1625 ubi
919 1561 1022 1626 etism
1033 1560 1289 1649 pontificalibus
1306 1562 1452 1628 restitus
1468 1559 1545 1626 Mis·

485 1688 559 1732 sam
574 1665 773 1731 solemniter
795 1664 996 1729 celebravit?

528 1769 656 1835 Verum
672 1768 703 1833 si
728 1767 934 1853 generaliter
949 1766 1296 1855 Archiepiscoporum
1309 1774 1344 1833 et
1364 1767 1545 1854 Episcopo

487 1898 560 1940 rum
576 1872 827 1939 mexicanorum
840 1870 1123 1956 approbationem
1146 1871 1385 1959 Appetitionis
1400 1870 1545 1956 inquira-

487 2004 572 2059 mus,
599 1979 750 2045 breviter
765 1976 957 2055 dicendum,
974 1978 1067 2062 quod
1084 1979 1187 2045 toties
1205 1980 1451 2067 approbarunt,
1469 1998 1544 2063 quo·

487 2080 552 2146 ties
582 2076 860 2166 processionibus
883 2075 921 2140 Β.
954 2076 999 2140 Μ.
1018 2077 1055 2142 V.
1089 2078 1130 2142 de
1163 2078 1369 2166 Guadalupe
1401 2078 1546 2155 adfuere

487 2183 624 2270 quoties
638 2183 674 2247 in
689 2181 764 2267 ejus
779 2179 909 2244 cultum
925 2178 1067 2243 Missam
1084 2180 1341 2266 pontificalibus
1370 2180 1485 2247 induti
1499 2202 1546 2245 ca·

487 2288 673 2363 lebrarunt
689 2282 825 2370 quoties
841 2280 882 2346 de
895 2282 972 2367 ipsa
986 2281 1138 2367 Deipara
1153 2283 1195 2349 de
1211 2283 1416 2371 Guadalupe
1432 2283 1486 2349 vel
1501 2282 1546 2371 ip

487 2392 518 2458 si
534 2389 714 2456 conciones
728 2385 897 2462 dixerunt,
930 2384 982 2449 rel
998 2383 1065 2448 dici
1082 2392 1340 2473 praeceperunt,
1368 2386 1422 2453 rel
1438 2386 1546 2453 audie·

488 2500 578 2572 runt,
594 2493 647 2558 vel
677 2496 716 2556 ut
732 2489 776 2553 ab
792 2488 869 2554 aliis
899 2486 1011 2553 dictae
1043 2488 1136 2575 typis
1165 2480 1352 2557 ederentur
1380 2490 1546 2557 licentiam

489 2602 739 2674 concesserunt;
768 2593 905 2679 quoties
935 2592 978 2656 ad
1009 2592 1271 2677 impressionem
1295 2591 1464 2657 librorum
1494 2590 1548 2679 qui

488 2701 749 2791 Appsritionem
762 2698 922 2760 enarrant
938 2698 997 2757 aut
1012 2691 1202 2771 stabiliunt,
1227 2692 1401 2758 licentiam
1418 2715 1548 2760 conces·

490 2812 618 2884 serunt;
633 2802 769 2890 quoties
786 2804 824 2863 ut
839 2796 921 2863 libri
937 2819 1067 2875 novem,
1085 2802 1145 2862 aut
1160 2796 1264 2862 trium
1280 2796 1413 2863 dierum
1430 2800 1549 2866 oratio·

489 2938 560 2993 nes,
577 2919 636 2979 aut
660 2910 745 2976 alius
774 2928 1007 2993 quascumque
1038 2905 1210 2971 orationes
1236 2904 1274 2969 Β.
1289 2903 1334 2971 M.
1352 2904 1390 2969 V.
1409 2904 1452 2971 de
1466 2904 1551 2971 Gua-

490 3013 615 3103 dalupe
631 3017 853 3086 contuentes,
869 3008 962 3094 typis
978 3006 1170 3085 ederentur,
1187 3012 1221 3073 et
1237 3008 1327 3074 inter
1342 3008 1462 3075 fideles
1478 3031 1552 3097 pro·

490 3132 706 3217 pingerentur,
719 3121 891 3188 licentiam
901 3118 1080 3197 dederunt
1090 3118 1226 3205 quoties
1237 3120 1375 3207 templa,
1388 3126 1423 3187 st
1435 3119 1556 3187 altaria

491 3236 527 3300 in
542 3233 705 3298 honorem
721 3226 759 3291 Β.
777 3224 823 3289 Μ.
840 3222 879 3288 V.
905 3222 947 3287 de
964 3221 1167 3308 Guadalupe
1195 3221 1280 3307 erigi
1307 3222 1361 3287 vel
1377 3244 1558 3309 praecepe-

491 3344 580 3413 runt,
593 3333 647 3400 vel
663 3332 913 3404 concesserunt
928 3326 1065 3411 quoties
1080 3325 1138 3411 pia
1153 3325 1266 3409 legata
1280 3330 1316 3391 et
1342 3325 1560 3391 fundationes

492 3442 528 3507 in
542 3440 617 3526 ejus
632 3435 761 3502 cultum
784 3431 1007 3505 admiserunt
1019 3428 1154 3513 quoties
1170 3427 1205 3491 in
1221 3426 1371 3515 publicis
1386 3428 1562 3495 calamita-

492 3544 587 3611 tibus
608 3542 720 3629 ipsam
733 3537 918 3622 Deiparam
935 3532 977 3598 de
994 3530 1197 3616 Guadalupe
1209 3520 1360 3597 invocari
1374 3531 1564 3617 jusseruntt

493 3646 630 3734 quoties
646 3641 856 3711 numeribus
872 3639 945 3724 ejus
955 3633 1084 3721 templa
1096 3633 1260 3712 ditarunt;
1275 3634 1412 3719 quoties
1428 3632 1564 3699 confra-

493 3752 673 3819 ternitates
688 3751 724 3815 in
738 3750 813 3837 ejus
826 3749 988 3814 honorem
1008 3746 1140 3813 institui
1157 3746 1402 3834 approbarunt;
1424 3746 1565 3833 quoties

492 3854 716 3942 indulgentiis
746 3852 917 3918 concessis
927 3851 1062 3919 'cultum
1089 3849 1129 3914 Β.
1147 3850 1192 3914 Μ.
1226 3848 1264 3913 V.
1282 3848 1325 3915 de
1356 3848 1565 3938 Gusdalupe

493 3956 713 4021 adsumunt

535 4056 796 4145 apparitionem
824 4054 863 4120 Β.
887 4054 933 4119 Μ.
952 4054 990 4119 V.
1015 4052 1057 4119 de
1088 4052 1292 4139 Guadalupe
1325 4052 1567 4141 approbarunt

493 4161 648 4228 Antietes
657 4158 796 4246 quando
809 4158 973 4224 miracula
985 4155 1232 4243 approbarunt,
1242 4176 1331 4241 quaa
1341 4155 1419 4243 ipsa
1434 4154 1565 4243 Deips·

493 4262 585 4333 rade
595 4260 802 4349 Guadalupe
820 4261 987 4339 invocata,
1005 4259 1176 4327 Dominus
1185 4257 1277 4337 feeit;
1295 4258 1434 4345 quando
1452 4258 1567 4347 prims
