3625 5217
666 466 803 569 ‘er

254 687 352 735 mone
367 674 444 735 ante
474 672 640 759 templum
656 670 873 741 consuevisse
902 674 1064 755 enarrari,
1091 672 1181 739 indis
1195 693 1314 759 quam·

253 780 409 867 plurimis
435 780 578 848 choreas
600 782 796 863 formantes,
820 784 984 871 pretiosis
1009 782 1102 871 apud
1128 782 1225 871 ipsos
1240 802 1314 847 res·

255 883 348 949 tibus
362 886 500 950 ornatis.
546 886 691 970 Quando
718 909 806 953 anno
837 888 921 953 1634
950 886 1140 953 eMesicea
1171 884 1256 951 urbe
1272 882 1317 950 ad

250 987 458 1075 ¹'l'epeyacatl
473 990 679 1055 venerabilis
694 991 814 1077 Imago
830 990 1108 1078 Guadalupensis
1137 988 1316 1055 solemnis-

257 1091 343 1157 sima
357 1092 574 1177 processione
587 1092 630 1157 ab
641 1093 717 1179 ipso
728 1093 994 1181 Archipraesule
1006 1094 1185 1159 Mexicano
1207 1095 1318 1157 trans·

257 1200 327 1265 lata
341 1197 416 1277 fuit,
433 1198 535 1265 Clero
549 1200 717 1265 saeculari
733 1205 769 1265 et
783 1198 934 1285 regulari
949 1198 1143 1275 comitante,
1160 1202 1195 1263 et
1210 1195 1318 1262 civili·

256 1301 322 1366 bus
336 1302 607 1387 Mag'stratibus,
620 1308 655 1368 et
667 1303 796 1389 populo
811 1300 1065 1379 innumerabili,
1080 1298 1320 1387 Apparitionia

258 1404 402 1470 historia
416 1404 482 1469 luit
509 1405 718 1471 carminibus
738 1410 905 1470 enarrata:
921 1403 1016 1491 quod
1038 1402 1142 1470 etiam
1157 1401 1321 1491 deinceps

259 1512 337 1572 ante
352 1506 619 1594 Tepeyaquense
635 1506 815 1593 Templum
833 1512 968 1573 constat
982 1507 1210 1573 observatum.

301 1608 352 1675 De
369 1610 512 1675 veritate
542 1630 670 1687 eorum,
687 1631 774 1694 quae
791 1607 833 1675 de
849 1608 1139 1697 Apparitionibus
1161 1608 1322 1697 praedic·

259 1712 306 1777 tis
321 1712 529 1779 carminibus
544 1712 800 1789 coartabuntur,
813 1710 973 1779 dubitare
989 1733 1088 1777 nemo
1100 1716 1226 1797 potest:
1241 1733 1320 1779 nam

259 1815 408 1880 carmina
422 1814 483 1879 illa
499 1836 611 1880 coram
627 1814 906 1900 frequentissimo
918 1815 1048 1901 populo
1063 1813 1262 1900 Tepeyacac
1277 1812 1321 1881 ad

260 1916 439 2003 Templum
452 1918 488 1981 iu
500 1916 696 1983 solemniori
708 1916 783 2002 ejus
793 1916 930 2004 Templi
941 1916 1030 1982 10010
1041 1915 1321 1983 decantabantur.

260 2019 320 2106 qui
335 2019 455 2106 primis
471 2018 542 2085 illis
557 2019 771 2106 temporibus
786 2042 827 2086 ea
843 2020 994 2085 carmina
1019 2019 1215 2098 audiebant,
1230 2018 1323 2085 vixe-

261 2127 341 2188 runt
356 2129 511 2209 tempore
526 2121 801 2208 Apparitiouum;
817 2120 877 2207 qui
892 2125 1014 2207 postea
1039 2120 1235 2200 audiebant,
1247 2142 1323 2186 cum

262 2225 396 2291 coaevis
426 2248 528 2310 quam
551 2224 692 2312 plurimi
715 2224 883 2291 vixerunt:
899 2222 1114 2310 impossibile
1137 2244 1230 2310 ergo,
1256 2220 1325 2289 nisi

261 2334 419 2393 enarrata
434 2327 478 2392 ab
495 2326 654 2392 omnibus
669 2332 708 2393 ut
723 2348 803 2392 vera
818 2326 965 2392 tuissent
979 2325 1110 2405 habita,
1126 2325 1210 2393 talia
1224 2324 1326 2391 mira-

260 2430 347 2496 bilia
369 2430 507 2517 publice
535 2452 648 2495 coram
674 2428 834 2517 plurimis
863 2427 941 2507 dici,
965 2427 1062 2493 nullo
1093 2427 1327 2494 contradicen-

261 2540 307 2611 te,
323 2556 384 2599 oec
406 2532 496 2611 indo,
513 2555 575 2597 nec
590 2531 745 2619 hispano.
790 2530 932 2617 Absque
947 2530 1055 2597 dubio
1069 2554 1151 2598 vera
1165 2528 1326 2597 omuibus

263 2640 370 2715 erant,
386 2658 474 2721 quae
491 2657 552 2722 per
564 2635 747 2713 saeculum,
761 2632 954 2721 etamplius
965 2657 985 2699 a
997 2632 1119 2722 primis
1130 2633 1327 2721 Apparitio·

262 2738 318 2805 nis
333 2738 556 2825 temporibus,
569 2738 665 2803 nullo
678 2736 941 2815 contradicente,
953 2759 1017 2803 uec
1034 2736 1249 2823 prohibente,
1264 2759 1328 2828 pu·

263 2840 364 2920 blioe,
381 2846 416 2908 et
430 2840 630 2907 solemniter
645 2839 881 2905 narrabantur.
1316 2917 1320 2928 ⁴

307 2966 417 3051 Major
432 2962 614 3051 apparebit
629 2962 733 3047 hujus
748 2959 941 3047 argumenti
957 2958 1018 3038 vis,
1035 2952 1066 3025 si
1095 2958 1165 3025 alia
1179 2981 1326 3047 perpen-

265 3067 395 3133 damus.
435 3066 595 3133 Carmina
610 3064 670 3130 illa
681 3062 820 3151 publice
832 3062 1104 3128 decantabantur
1118 3062 1155 3127 in
1166 3061 1255 3127 10010
1266 3060 1329 3129 Te·

265 3192 414 3259 peyacac
429 3167 690 3246 solemnissimo,
723 3188 829 3253 prope
846 3164 1019 3231 civitatem
1044 3163 1329 3251 archiepiscope

266 3274 344 3350 lem,
360 3278 395 3339 et
410 3272 492 3337 viris
516 3268 758 3337 ecclesiasticis
776 3268 865 3335 10010
886 3267 1088 3333 astantibus.
1134 3266 1211 3333 Imo
1225 3266 1330 3333 etiam

267 3374 453 3463 aliquando
465 3373 646 3439 decantata
656 3372 750 3438 10010
763 3394 839 3437 cum
849 3370 919 3459 ipsi
928 3369 1120 3448 Praesules,
1131 3392 1208 3435 cum
1219 3368 1330 3448 Olero,

266 3484 304 3547 et
319 3477 477 3545 civilibus
493 3474 767 3563 Magistratibus,
792 3473 931 3541 Sacram
947 3471 1137 3559 Imaginem
1152 3470 1332 3537 solemnis·

268 3582 356 3648 sima
371 3577 588 3668 processione
603 3575 646 3641 de
662 3575 748 3642 urbe
764 3572 892 3640 Mexici
908 3572 953 3639 ad
967 3572 1175 3661 Tepeyacatl
1200 3572 1333 3639 detule-

269 3688 358 3761 runt,
374 3682 478 3770 paulo
504 3684 585 3767 post
605 3676 876 3767 Apparitionem‚
909 3677 1048 3743 saeculo
1077 3674 1173 3754 XVI,
1189 3679 1225 3742 01
1253 3680 1334 3765 post

269 3790 396 3857 Marici
410 3785 678 3862 inundationem,
695 3781 833 3848 saeculo
846 3778 961 3847 XVII.

314 3892 400 3976 Quis
412 3889 529 3957 credat
543 3886 635 3953 viros
648 3882 909 3961 ecclesiasticos,
921 3887 957 3948 et
971 3881 1067 3969 ipsos
1081 3878 1275 3958 Antistites,
1290 3876 1334 3945 de

271 3995 435 4085 religione
446 4011 661 4077 summopere
674 3986 850 4063 sollicitos,
861 3982 930 4051 alia
938 3982 1122 4071 quotannis
1134 3987 1272 4049 cantare
1284 3984 1336 4047 to·

272 4103 434 4173 leravisse
446 4097 514 4166 nisi
524 4119 573 4173 ea,
584 4117 672 4185 quae
681 4091 860 4160 veritatem
870 4108 953 4178 prae
963 4106 1000 4155 se
1010 4079 1153 4153 ferrent?
1168 4083 1255 4171 Quis
1264 4090 1336 4189 cres·

272 4208 332 4275 dat
342 4202 537 4272 mexicanos
548 4196 741 4275 Praesules,
753 4216 829 4261 cum
841 4188 1120 4282 processionibus
1128 4190 1339 4281 praeessent,

269 4328 361 4409 quae
371 4328 454 4375 vera
466 4326 537 4415 pon
566 4306 672 4382 erant,
688 4296 826 4390 publice
852 4312 966 4406 coram
981 4290 1157 4373 snmus,
1178 4285 1339 4373 0101010,
