3625 5217
794 529 859 597 209

306 700 412 769 verbo
427 701 560 781 1116166,
577 724 651 768 cum
663 700 705 767 do
717 701 803 767 urbo
818 707 953 778 tractat,
967 702 1064 789 cujus
1080 702 1263 771 Patronsm
1280 704 1372 793 prin·

301 805 445 893 cipalsm
461 804 546 870 dicit
560 805 599 871 B.
617 806 663 871 M.
680 806 719 871 V.
737 806 779 871 dc
795 806 1001 893 Guadaiupo
1033 792 1237 873 miracuioss
1254 808 1370 895 dspic-

295 918 365 979 tam
381 914 415 978 in
428 910 574 978 Joanuis
588 911 713 976 Didaci
729 911 883 998 palliolm
899 916 1002 997 atquc
1020 933 1096 975 cum
1123 910 1363 999 61661616ρί666-

295 1039 418 1104 porum
432 1016 519 1083 texit
534 1018 736 1105 catalogum,
755 1040 824 1083 non
840 1017 942 1083 modo
958 1016 1000 1083 (16
1019 1018 1244 1104 Apparitions
1261 1020 1368 1085 verba

294 1124 387 1213 facit,
402 1148 521 1191 vorum
536 1126 641 1191 ctiam
656 1126 699 1191 do
715 1126 780 1205 his,
797 1149 885 1213 quac
917 1124 1100 1191 adivcrsis
1122 1124 1367 1211 Archiapisco·

294 1229 349 1315 pis
364 1229 456 1296 facta
470 1234 552 1295 sunt
566 1228 611 1294 ad
626 1230 757 1295 cultum
787 1230 982 1318 augendum
1013 1230 1123 1317 ipsius
1139 1230 1177 1295 B.
1195 1228 1241 1293 Μ.
1258 1228 1297 1295 V.
1315 1228 1358 1295 (16

294 1340 507 1427 Gnadalupo.
552 1340 640 1406 Pras
655 1341 767 1407 oculis
789 1341 902 1407 habco
932 1342 1112 1427 hocopus,
1145 1347 1215 1427 typ.
1233 1339 1366 1405 aditum

295 1443 614 1510 Matrimonii.
646 1442 706 1508 ubi
729 1443 878 1510 habetur
907 1444 1051 1509 uerbum
1085 1442 1281 1528 0676161666,
1298 1441 1365 1508 1611

293 1551 364 1633 typ.
380 1544 432 1612 sd
451 1546 646 1624 66661787,
662 1552 742 1612 tom.
760 1570 841 1613 varo
863 1548 930 1613 III.
945 1547 1005 1613 ubi
1023 1546 1193 1612 invenitur
1223 1546 1366 1611 verbum
1462 1566 1473 1588 ·

300 1650 432 1729 Melrico,
449 1672 538 1717 anno
556 1651 648 1717 1788.

343 1824 412 1888 142.
458 1822 640 1906 Quoddam
666 1825 848 1910 parvulum
865 1826 1081 1911 opusculum,
1106 1824 1209 1890 stiam
1227 1822 1369 1889 adducit

298 1926 423 1993 Guridi
437 1926 588 2004 Alcoscr,
614 1931 661 2008 (1)
676 1926 801 1991 Italica
821 1926 940 2011 lingua
965 1927 1095 1991 Roman
1120 1930 1190 2011 typ.
1208 1923 1260 1989 ad.
1276 1946 1365 1989 anno

298 2029 392 2107 1797,
408 2029 519 2095 ubist
541 2027 583 2093 do
599 2028 825 2115 Apparitiono
855 2029 1126 2115 Guadalupensi‚
1158 2034 1193 2095 61
1208 2028 1250 2094 dc
1281 2049 1365 2113 quo-

297 2131 375 2197 dam
393 2131 558 2197 miraculo
574 2132 612 2197 B.
630 2132 676 2197 M.
694 2132 733 2198 V.
750 2131 793 2197 de
820 2132 1026 2219 Guadalupo
1044 2132 1171 2199 montio
1187 2132 1343 2197 habetur.

339 2303 410 2368 143.
457 2302 609 2369 Oantcnc
625 2304 680 2369 Fr·
703 2302 838 2381 Petrus,
856 2307 891 2368 61
914 2304 1113 2369 Fcrnandaz
1128 2304 1170 2370 dc
1187 2302 1294 2389 Rojas
1309 2302 1366 2368 Fr.

296 2406 458 2483 Joanncs,
489 2406 631 2475 Ordinis
661 2407 779 2473 Sancti
800 2407 995 2494 Augustini,
1026 2408 1143 2493 aliqua
1159 2406 1369 2473 addiderunt
1444 2429 1456 2449 ’

297 2509 390 2573 Aurio
422 2507 612 2585 Christiano,
643 2509 736 2594 quod
753 2508 894 2594 scripsit
921 2510 956 2574 P.
990 2510 1134 2589 Oroiset,
1159 2518 1263 2596 atquo
1279 2509 1370 2575 inter

299 2616 418 2683 addita
432 2616 581 2683 habetur
595 2615 651 2681 dic
668 2616 709 2680 12
735 2614 939 2681 Decembris
961 2614 1109 2680 historic
1124 2614 1369 2701 Guadalupcn·

298 2720 387 2786 sium
403 2718 677 2806 Apparitionum.
698 2720 745 2797 (2)
790 2718 980 2805 Exemplar
1003 2718 1145 2804 hispane
1162 2718 1369 2783 translatum

145 2866 148 2869 -
234 2906 239 2912 ι
300 2822 500 2909 hujusmodi
525 2826 649 2909 operis,
681 2824 731 2888 sic
760 2822 907 2899 adaucti,
931 2822 1077 2887 habetur
1095 2825 1127 2887 in
1151 2820 1370 2886 Bibliotheca

299 2924 482 2991 Seminarii
498 2924 601 3012 hujus
632 2926 783 2993 civitatis
798 2926 841 2992 de
857 2925 1107 2991 Guadalaxara.

347 3097 418 3162 144.
450 3097 550 3163 Anno
567 3100 650 3165 1883
667 3099 703 3163 16
719 3098 857 3164 civitate
874 3097 993 3163 Sancti
1008 3097 1194 3175 Promisi-i,
1212 3098 1247 3161 in
1263 3098 1373 3183 Supe-

303 3200 387 3266 riori
402 3200 601 3278 Caliiornia,
627 3202 661 3267 in
688 3200 881 3288 Republica
911 3200 1180 3286 septentrionali
1197 3200 1370 3267 America-

303 3326 357 3381 na,
373 3310 443 3391 typ.
474 3304 606 3369 editum
635 3305 702 3371 1611
725 3328 823 3392 opus,
854 3304 909 3369 cui
941 3304 1064 3369 titulus
1100 3304 1166 3368 Tse
1197 3304 1306 3369 Works
1337 3306 1377 3390 (ff

303 3407 425 3472 Hubert
440 3407 539 3472 Hrrwe
554 3408 720 3493 Boucrost,
738 3414 842 3494 atquc
857 3408 894 3472 in
917 3406 984 3470 hoc
999 3428 1103 3493 opcrc
1126 3406 1371 3493 Guadalupon·

302 3513 350 3577 sis
364 3510 601 3597 Apparitionis
617 3510 763 3575 historia
790 3509 981 3576 adducitur.
1027 3509 1105 3573 Hoc
1121 3532 1209 3595 opus
1225 3510 1317 3597 apud
1333 3532 1369 3576 66

304 3619 410 3686 habet
422 3622 536 3687 Rmus
552 3621 733 3698 Camacho,
746 3622 944 3708 Episcopus
961 3620 1168 3683 Dioeccsoos
1183 3615 1225 3681 de
1243 3615 1371 3697 Quare·

303 3735 388 3810 taio,
403 3738 439 3799 61
454 3732 596 3819 insuper
607 3732 790 3798 adducitur
801 3732 836 3797 in
849 3752 962 3819 opero,
975 3730 1029 3795 cui
1043 3726 1284 3794 111616686616
1300 3728 1372 3791 Μα-

303 3834 359 3901 νία
373 3836 412 3901 de
446 3835 636 3923 andclapc
660 3838 805 3902 Patrona
822 3836 860 3901 dc
889 3836 934 3899 los
958 3832 1147 3911 Mesiccnca,
1171 3830 1207 3897 in
1222 3832 1372 3905 Annota·

305 3937 398 4006 tione
414 3937 457 4005 sd
473 3960 563 4005 num.
579 3940 652 4005 200.

309 4164 423 4179 -—

343 4220 389 4298 (1)
431 4215 494 4282 Ubi
510 4238 610 4297 supra.

340 4326 385 4407 (a)
426 4322 533 4387 Guridi
547 4323 681 4399 Aicoser,
705 4321 757 4387 ubi
779 4340 879 4408 supra.
