3625 5217
792 598 858 679 Ml

281 766 384 847 iidem
399 780 482 848 iacit
497 781 648 848 Oabrera
663 781 842 865 Quintsro,
871 784 918 865 (1)
949 782 986 849 in
1011 805 1090 869 qua,
1103 788 1239 871 praeter
1267 778 1345 863 alia,

279 884 348 950 duo
364 888 398 950 in
409 884 628 971 processione
643 883 850 952 videbantur
864 885 1041 973 Episcopi,
1064 886 1205 963 scilicet,
1234 887 1344 953 Rmus

276 988 496 1075 Zumarraga,
512 986 625 1072 quiin
647 985 901 1072 spiritualibus,
932 992 967 1053 et
981 987 1091 1054 Rmus
1117 988 1344 1055 Sebastianus

278 1090 437 1157 Ramirez
466 1089 509 1155 de
539 1088 638 1155 Fuen
668 1089 763 1169 Leal,
779 1090 841 1176 qui
870 1091 906 1156 in
937 1091 1186 1179 temporalibus
1216 1092 1344 1159 Marici

278 1198 445 1280 praeerat.

319 1316 372 1381 Eo
387 1316 465 1403 ipso
480 1314 546 1393 die,
563 1336 634 1401 quo
649 1314 755 1380 Sacra
766 1314 887 1402 Imago
902 1314 945 1381 de
962 1314 1166 1404 Guadalupe
1183 1316 1219 1381 in
1234 1315 1344 1403 Tepe-

277 1417 446 1507 yaquensi
461 1419 605 1506 Templo
622 1417 687 1484 tuit
712 1417 913 1484 solemniter
936 1418 1113 1499 collocata,
1129 1420 1342 1486 mexicanum

277 1521 442 1609 hymnum
457 1520 555 1587 illum
571 1520 659 1587 dixit
674 1521 715 1585 D.
734 1520 762 1583 F
763 1520 937 1586 ranciscus
952 1519 1124 1601 Placidus,
1142 1522 1184 1589 de
1201 1544 1270 1607 quo
1285 1544 1344 1587 an·

277 1634 333 1693 tea
347 1627 550 1706 dictumest,
566 1626 649 1692 dum
661 1626 703 1692 ds
716 1624 954 1712 scriptoribus.

319 1748 401 1835 Ipse
417 1748 527 1814 Rmus
541 1748 751 1833 Zumarraga
768 1746 1037 1833 'I'apsyaquense
1050 1747 1231 1835 Templum
1240 1746 1344 1813 benc·

277 1850 374 1929 dixit
390 1852 436 1936 (2)
460 1857 563 1937 atque
593 1850 700 1917 etiam
730 1849 992 1917 Pontifioalibus
1018 1851 1173 1918 restibus
1202 1849 1343 1917 indutus

277 1953 420 2021 Missam
435 1954 521 2020 inibi
537 1952 724 2021 celebravit
738 1975 842 2019 causa
857 1958 972 2021 tantae
1002 1954 1242 2021 solemnitatis.
1262 1956 1308 2039 (3)

324 2058 377 2123 Ex
400 2063 482 2124 tunc
508 2056 643 2145 Templi
666 2056 946 2143 Tepeyaqusnsis
969 2062 1171 2145 patronatus
1191 2079 1343 2124 annexus

278 2157 344 2226 tuit
364 2162 537 2247 Dignitati
552 2159 846 2247 Archispiscopali
861 2158 1069 2227 Mexieanae.
1090 2162 1135 2245 (4)

320 2281 453 2350 Deinde
469 2284 593 2352 devota
608 2308 729 2351 norem
744 2284 876 2351 dierum
902 2286 1112 2373 supplicatio
1138 2286 1174 2352 in
1189 2287 1342 2374 Tepeya·

279 2395 400 2477 quensi
415 2394 559 2483 Templo
575 2403 693 2462 secuta
703 2402 766 2475 cst,
776 2418 865 2482 quae
880 2398 1081 2464 solemniter
1094 2396 1192 2463 finita
1207 2396 1281 2463 fuit
1296 2400 1341 2481 (5)

320 2496 387 2563 His
402 2497 573 2577 omnibus,
597 2500 648 2564 ite
676 2499 822 2586 egregie,
838 2504 874 2565 et
902 2499 1041 2587 publice
1064 2501 1181 2589 gestis,
1212 2502 1343 2590 primus

278 2598 478 2667 Maricanus
493 2601 784 2690 Archiepiscopus
814 2602 1116 2690 Guadalupensem
1146 2605 1343 2691 Apparitio-

278 2724 355 2769 nem
371 2725 435 2769 sua
450 2704 656 2771 auctoritate
672 2705 828 2771 firmavit.

321 2839 420 2905 Anno
438 2842 533 2921 1544,
549 2841 664 2919 idest,
694 2840 828 2907 decimo
844 2842 949 2909 tertio
964 2864 1054 2907 anno
1080 2846 1160 2929 post
1185 2842 1221 2907 Β.
1241 2842 1285 2907 Μ.
1304 2844 1340 2907 V.

278 2947 320 3015 de
336 2951 538 3040 Guadalupe
553 2952 814 3041 Apparitionem
838 2950 1051 3028 decurrente,
1067 2950 1143 3015 dira
1167 2948 1277 3036 pestis
1293 2950 1343 3013 in-

279 3051 343 3119 dos
357 3054 489 3121 afflixit:
505 3062 586 3122 tuno
603 3054 755 3143 religiosi
786 3054 904 3121 Sancti
933 3052 1119 3131 Francisci,
1150 3050 1284 3131 dareta,
1308 3056 1343 3117 et

280 3153 419 3239 publica
448 3156 677 3242 processione.
708 3156 931 3241 quamplures
944 3176 1069 3242 pueros
1098 3152 1198 3219 indos
1215 3153 1344 3219 utrius-

282 3296 412 3308 ——..

322 3406 366 3477 (ι)
405 3404 527 3463 Escudo
542 3405 580 3463 de
593 3406 699 3463 Annas
710 3404 750 3465 de
764 3400 898 3467 Me'xico,
915 3402 965 3462 lib.
983 3421 1010 3478 3,
1027 3421 1092 3478 cap.
1124 3418 1168 3474 17,
1184 3401 1266 3461 niun.
1287 3419 1338 3476 70¹

281 3514 385 3579 etseq.

322 3620 370 3699 (2)
400 3623 447 3680 Ita
462 3622 599 3684 Narratio
615 3626 646 3683 P.
665 3624 812 3685 Matthaei
828 3625 867 3684 de
881 3625 910 3681 la
925 3624 1012 3691 Cruz,
1025 3640 1089 3698 cap.
1110 3616 1343 3695 7.-„Florencia,

281 3720 412 3779 Estrella
426 3722 475 3779 dcl
485 3723 582 3781 Norte
595 3724 629 3783 dc
642 3724 768 3799 Maera,
784 3743 849 3800 cap.
863 3725 889 3791 8,
910 3722 991 3781 num.
1011 3740 1058 3797 5²·

317 3831 367 3921 l3)
410 3847 541 3907 Cabrera
554 3844 711 3923 Quintero,
728 3845 847 3907 Escudc
861 3844 898 3903 de
913 3846 1026 3904 Annas
1039 3844 1076 3901 de
1091 3840 1221 3911 Mtxr'co,
1247 3837 1297 3898 lib.
1315 3857 1343 3915 3.

280 3962 344 4022 cap.
365 3964 409 4020 17,
424 3945 507 4005 ruint.
526 3965 593 4021 704,
610 3945 659 4005 ubi
675 3947 713 4008 de
728 3948 785 4005 hac
800 3965 829 4005 re
843 3946 927 4005 affert
942 3942 1148 4005 testimonium
1165 3942 1195 3999 P.
1214 3937 1345 3999 Michae«

280 4042 315 4101 lis
329 4046 472 4117 Sanchez,
487 4046 572 4123 cujus
587 4046 677 4105 verba
692 4043 861 4105 transcribit
874 4045 914 4104 ad
931 4044 1067 4105 litteram.

321 4158 370 4234 (t)
414 4160 580 4236 Ftorencia,
595 4162 730 4220 Ertrclla
744 4162 795 4220 del
807 4162 906 4222 Norte
930 4160 964 4219 de
990 4157 1113 4229 bet'co,
1130 4174 1195 4233 cap.
1215 4154 1242 4224 8,
1258 4152 1342 4214 ndnr.
1473 4184 1478 4197 ·

283 4259 513 4333 52.-Narratic
529 4263 560 4320 P.
579 4260 724 4321 Matthaei
740 4263 779 4322 de
793 4262 824 4321 la
837 4264 923 4333 Cruz,
939 4278 1004 4337 cap.
1026 4278 1050 4334 7.

320 4356 362 4433 (5)
405 4357 546 4419 Narratio
562 4361 594 4419 P.
611 4358 757 4420 Matthaei
772 4360 811 4420 de
827 4362 855 4419 la
870 4362 956 4435 Cruz,
972 4377 1038 4435 cap.
1058 4376 1083 4435 7.
