3625 5217
964 594 1027 674 187

520 780 564 862 In
577 794 644 861 hoo
658 794 825 882 opusonlo
836 792 962 860 inriote
979 792 1172 861 ostenditur
1185 792 1375 885 Imaginem
1401 780 1539 861 Gaeia-

475 888 663 985 lnpensem,
679 896 875 963 nullatenus
890 894 935 961 ab
950 893 1150 965 hominibus
1180 895 1263 985 fingi
1278 896 1444 988 potuisse,
1475 896 1538 965 aad

475 1022 552 1068 esse
563 998 872 1087 supernaturaliter
883 996 1065 1085 depictam.

518 1172 568 1239 61.
612 1170 735 1238 Ibarra
762 1170 805 1237 D.
821 1169 965 1271 Josepn,
995 1174 1031 1237 et
1045 1169 1170 1238 Osorio
1198 1171 1240 1239 D.
1257 1170 1471 1253 Emmanuel,
1500 1176 1537 1239 et

473 1266 620 1342 Morlste
635 1274 724 1340 Rniz
738 1272 781 1339 D.
797 1272 975 1353 Patritius,
991 1278 1027 1340 et
1040 1273 1175 1362 Vallejo
1189 1273 1231 1341 D.
1249 1274 1453 1343 Francisous
1466 1274 1536 1343 An·

474 1378 599 1458 tonina,
615 1383 651 1444 et
664 1376 806 1443 Aloibar
819 1374 862 1441 D.
877 1375 1022 1465 Joseph,
1038 1380 1074 1442 et
1094 1376 1225 1444 Arnaea
1239 1377 1281 1443 D.
1298 1376 1442 1467 loseph,
1458 1376 1536 1445 Pio·

472 1486 566 1551 tores
580 1481 676 1549 inere
692 1480 808 1569 periti;
830 1485 935 1567 atque
1028 1520 1042 1543 2

513 1585 564 1651 Hi
578 1607 706 1664 omnes,
722 1606 875 1653 seorsum
890 1583 1137 1671 unusquisqne,
1154 1583 1284 1673 scripto
1299 1585 1533 1673 approbavere

472 1688 675 1776 opusculum
691 1688 731 1755 D.
747 1686 931 1755 Michaelis
956 1688 1116 1768 (labrare,
1147 1688 1200 1753 La
1215 1686 1393 1755 Maramila
1406 1688 1533 1756 Ameri-

470 1791 684 1872 oaaa‚eadem
699 1792 887 1859 sentientes
901 1789 946 1857 de
975 1790 1130 1879 Imagine
1159 1790 1199 1856 B.
1216 1788 1263 1857 M.
1280 1788 1319 1857 V.
1336 1788 1379 1859 ds
1395 1788 1533 1859 Gnade·

470 1894 551 1981 lupe
566 1894 770 1961 miraculose
782 1892 927 1981 depicta
974 1894 1109 1961 Horum
1132 1892 1281 1981 scriptae
1310 1892 1532 1982 approbatio-

469 2020 531 2065 nes
557 1994 730 2065 habentur
753 2000 949 2066 continuate
974 1995 1018 2063 ad
1047 1995 1251 2085 opuseulum
1276 1997 1330 2062 La
1355 1996 1532 2067 mamam

469 2101 672 2182 Amriarna,
689 2100 783 2188 quod
798 2099 1002 2190 approbant
1021 2099 1067 2185 (1)

511 2274 562 2339 62
606 2271 713 2360 Moya
736 2272 793 2339 Fr.
823 2273 977 2340 Joannes
1005 2269 1139 2359 «loseph
1168 2270 1212 2339 de
1242 2270 1362 2353 Grues,
1389 2270 1530 2343 Ordinis

467 2374 586 2443 Sancti
599 2375 783 2442 Dominio'a
828 2374 923 2442 Hnio
933 2373 1084 2463 pertinet

513 2479 649 2547 Croniae
662 2478 701 2544 de
714 2478 747 2544 la
761 2478 938 2545 Provincia
952 2476 990 2543 de
1012 2475 1168 2565 Saatiapo
1193 2477 1231 2544 de
1245 2476 1479 2547 Prsdioadorea
1492 2480 1530 2546 de

466 2581 597 2649 Mtxioo.
641 2582 685 2648 In
714 2581 781 2648 hoo
795 2603 898 2669 opere
915 2585 995 2648 tom.
1011 2580 1042 2661 1,
1054 2579 1113 2647 lib.
1131 2581 1160 2662 1,
1177 2580 1356 2649 historiam
1371 2581 1477 2649 refert
1487 2582 1527 2649 B.
1604 2566 1608 2577 ⁸

464 2685 512 2753 M.
528 2683 568 2753 V.
585 2684 629 2751 de
658 2683 864 2773 Guadalnpe
891 2684 988 2770 juxta
1010 2684 1191 2771 antiquum
1220 2684 1285 2753 Ma
1316 2690 1529 2753 ammarum

463 2789 502 2857 in
522 2788 804 2857 Praedicatorum
832 2788 1016 2858 Menioano
1042 2789 1264 2859 Monasterio.
1307 2791 1406 2881 Opus
1435 2796 1529 2861 exta·

462 2892 524 2960 bat
538 2892 820 2981 manuscriptum
834 2914 992 2981 quaeque
1009 2892 1054 2961 ad
1076 2893 1338 2983 Apparitionem
1368 2894 1527 2979 attinent,

464 2996 595 3085 scripta
608 2996 703 3065 iuera
718 3019 808 3064 anno
823 2997 916 3067 1757.
938 2998 986 3083 [2]

506 3170 556 3236 63.
601 3169 776 3258 Iturriaga
789 3169 827 3237 P.
841 3168 978 3251 Petrus,
993 3168 1176 3237 Societatis
1189 3168 1286 3252 «lesu,
1302 3170 1527 3260 Tbeologiam

463 3270 589 3339 docuit
608 3274 654 3355 (3)
670 3273 764 3339 Hnio
779 3273 931 3361 pertinet

504 3358 660 3446 Profecto
672 3360 712 3425 de
725 3381 823 3425 roras
837 3364 853 3425 ό
866 3356 1226 3445 inanditaeselioidadea
1237 3358 1287 3427 del
1300 3360 1411 3447 Reyao
1424 3358 1527 3427 Meri·

461 3484 549 3542 earo,
556 3485 621 3549 por
634 3462 848 3529 elPatronato
859 3462 1021 3529 asismat
1031 3462 1068 3528 de
1076 3461 1110 3527 la
1120 3462 1302 3530 Saatieimo
1323 3462 1439 3549 Vtrpea
1451 3462 1526 3529 Ma·

461 3565 518 3631 rte
531 3588 569 3632 en
581 3586 620 3631 aa
648 3564 838 3631 Portentosa
851 3564 981 3651 Imdqen
995 3564 1033 3632 de
1068 3564 1264 3653 Gaadalapa
1309 3564 1438 3633 Maniai
1452 3568 1524 3655 typ

462 3666 514 3736 ed.
532 3690 622 3735 anno
638 3668 734 3735 1757.
751 3668 798 3753 (4)

508 3843 559 3921 (1)
601 3842 775 3903 videantur
801 3840 833 3902 in
848 3853 921 3903 tom.
940 3862 966 3915 1,
992 3842 1092 3921 operis
1112 3841 1162 3903 cui
1176 3842 1289 3907 titulus
1337 3844 1480 3905 Coletcr'on
1492 3844 1527 3905 de

465 3942 564 4003 Otms
571 3962 596 4019 y
612 3943 768 4019 opasmlos
773 3942 997 4019 pertenecientes
1009 3942 1029 4001 ά
1040 3944 1071 4001 la
1086 3942 1254 4023 Aper-etim,
1268 3951 1419 4021 erantque
1433 3942 1524 4005 etiam

461 4038 493 4099 in
511 4060 535 4100 r.
551 4040 572 4077 ⁸*
591 4037 681 4101 Parte
695 4040 785 4117 hujus
801 4039 1036 4101 Dissertationis.

498 4121 544 4201 (ι)
586 4124 635 4183 lta
648 4122 755 4184 Guridi
783 4124 918 4195 Alcoser‚
934 4122 1084 4201 Apologia
1099 4122 1137 4185 de
1153 4122 1182 4183 la
1209 4122 1371 4202 Aparicion
1386 4134 1444 4185 etc.
1455 4142 1521 4204 cap.

465 4222 747 4380 Elissaeas,
764 4301 874 4363 Bibliot
888 4312 943 4362 art.
960 4302 1108 4381 ltuniaga
1123 4306 1155 4365 P.
1173 4304 1279 4365 Pedro.

502 4385 548 4464 (4)
591 4383 746 4461 Beristain,
763 4384 884 4445 Bibliot.
897 4396 951 4446 art.
970 4384 1115 4465 lturriaga
1130 4388 1162 4448 P.
1180 4386 1286 4449 Pedro.
