3625 5217
992 464 1035 541 tt

472 636 518 711 11.
531 644 571 713 V.
599 644 642 713 do
667 644 873 733 Guadalupo
889 668 953 734 pro
972 647 1083 734 pestis
1099 644 1291 713 cessatione
1305 626 1531 731 deprecaturi,

472 750 609 817 iverunt
619 748 760 836 plurimi
773 746 902 813 fideles.
920 749 968 833 (1)
982 798 984 804 .

515 851 720 917 Nullatouus
749 848 987 930 dubitandum,
1004 849 1144 938 quodsi
1172 848 1356 936 Apparitio
1370 844 1410 911 B.
1427 843 1474 910 M.
1490 841 1530 908 V·

472 950 515 1017 da
530 950 735 1037 Guadalupo
764 971 845 1016 vera
859 972 929 1015 non
958 957 1059 1029 asset,
1083 950 1280 1037 hujusmodi
1295 948 1449 1035 picturas
1463 966 1532 1010 nou

473 1050 610 1117 habitas
640 1051 756 1129 luisse,
787 1072 863 1117 oum
878 1050 948 1137 jam
978 1051 1014 1116 in
1043 1051 1156 1137 primo
1182 1050 1337 1117 Concilio
1351 1046 1531 1114 Mexicano

473 1154 707 1221 testimonium
722 1153 891 1220 habentur
921 1152 964 1219 da
980 1153 1163 1221 Pastorum
1179 1150 1413 1219 sollicitudine
1428 1149 1465 1215 iu
1478 1154 1531 1215 to·

471 1262 587 1331 llaudo
606 1263 762 1352 depictas
777 1264 950 1343 historias,
967 1287 1055 1352 quaa
1068 1286 1167 1330 verae
1180 1286 1249 1329 non
1259 1267 1385 1339 esseut,
1400 1266 1435 1326 at
1450 1256 1533 1323 ima·

470 1367 568 1456 ginoa
582 1366 806 1456 apocryphas„
826 1370 871 1451 (2)

514 1470 568 1537 De
583 1470 652 1536 alia
666 1470 809 1557 pictura,
841 1470 876 1536 in
892 1469 1153 1558 Topoyaquensi
1183 1468 1313 1555 templo
1342 1464 1455 1533 adhuc
1469 1484 1533 1529 auo

471 1574 625 1657 tompore
641 1570 817 1649 existento,
833 1570 991 1636 notitiam
1021 1569 1081 1636 dat
1095 1568 1132 1635 P.
1160 1568 1351 1635 Floreucia:
1380 1566 1426 1651 (3)
1442 1564 1479 1630 in
1492 1586 1533 1629 ca

472 1673 673 1739 miraculum
683 1672 1015 1759 repraesentabatur,
1026 1695 1095 1757 quo
1104 1672 1257 1759 Deipara
1266 1670 1332 1737 sub
1341 1668 1533 1735 advocatio·

472 1798 514 1843 nc
530 1775 573 1843 da
589 1776 792 1865 Guadalupo
808 1778 974 1856 invocata,
995 1776 1199 1843 incolumem
1215 1778 1364 1843 servarit
1377 1776 1532 1863 juvenem

473 1879 664 1965 quamdam,
680 1882 741 1967 qui
757 1880 801 1946 ab
831 1902 921 1967 equo
937 1886 1094 1968 raptatus
1108 1880 1175 1945 luit
1204 1902 1291 1967 pone
1306 1901 1369 1967 por
1383 1878 1531 1965 spatium

472 1980 635 2048 dimidiae
651 1982 777 2049 leucae.
822 1982 900 2049 Hoc
910 1982 1109 2049 miraculum
1123 1982 1271 2049 refertur
1282 1982 1386 2047 otium
1398 1981 1435 2046 in
1450 1980 1533 2045 Nar·

473 2084 604 2151 rationo
620 2084 795 2151 mcxicaua
810 2084 1055 2171 Apparitionia,
1068 2108 1170 2171 quam
1184 2084 1277 2171 typis
1292 2082 1402 2149 edidit
1413 2084 1455 2149 I).
1467 2082 1533 2148 Lu·

474 2186 616 2254 dodona
631 2187 722 2253 Laso
738 2188 782 2253 da
798 2188 832 2253 Ia
847 2188 942 2275 Vaga
957 2211 1046 2254 anno
1062 2189 1155 2265 1649,
1174 2189 1219 2270 (4)
1237 2186 1297 2252 ubi
1313 2192 1393 2273 post
1421 2186 1534 2251 histo-

473 2292 558 2359 riam
573 2288 847 2376 Apparitionum‚
865 2292 1028 2357 miracula
1039 2299 1162 2358 narrat.
1208 2293 1305 2358 Haec
1320 2299 1534 2378 eulampius,

475 2392 535 2459 ubi
547 2390 712 2458 miracula
723 2396 913 2471 narrantur,
926 2394 1031 2459 scribi
1043 2395 1138 2459 finita
1150 2402 1204 2461 cst
1219 2418 1307 2461 anuo
1324 2396 1416 2473 1622,
1429 2395 1535 2473 idest,

474 2502 514 2565 ut
528 2496 564 2561 in
578 2496 664 2583 ipsa,
694 2493 738 2561 ad
753 2495 864 2573 finam,
895 2502 1061 2577 constant,
1093 2500 1134 2564 74
1161 2498 1259 2563 annia
1284 2503 1364 2585 pout
1392 2506 1535 2565 mortam

473 2599 618 2667 Ioannis
632 2596 766 2675 Diduci,
782 2620 870 2684 quac
886 2598 1011 2665 accidit
1022 2622 1110 2666 anno
1123 2602 1217 2677 15483
1232 2601 1323 2666 undo
1339 2599 1460 2686 conjici
1476 2624 1535 2689 po·

474 2708 553 2781 test,
568 2723 657 2789 quaa
672 2699 776 2766 fucrit
791 2700 945 2789 picturae
961 2702 1065 2789 hujus
1079 2702 1276 2789 antiquitas.

516 2875 562 2952 (ι)
604 2874 734 2936 Cabrera
749 2872 905 2951 Quintero,
924 2876 1046 2936 Escudo
1060 2878 1099 2938 dc
1113 2880 1221 2937 Armes
1235 2877 1274 2937 de
1290 2874 1423 2947 Itle'xico,
1440 2876 1490 2937 lib.
1507 2898 1536 2953 3,

475 2994 538 3054 cap.
556 2975 658 3045 XVII,
684 2977 767 3033 num.
798 2974 972 3047 ron-Hic
986 2988 1090 3035 auctor
1103 2976 1142 3035 de
1170 2976 1227 3034 hac
1242 2974 1357 3051 pictura
1383 2976 1468 3053 quasi
1488 2978 1538 3037 ad·

475 3076 535 3137 huc
550 3092 604 3135 suo
632 3084 767 3149 tempore
789 3070 933 3133 existente
961 3073 1165 3134 testimonium
1195 3074 1496 3151 praebet-Carrillo
1519 3097 1538 3153 y

476 3176 575 3243 Puer,
606 3169 973 3241 PensilAmericano,etc
1020 3173 1209 3233 Disertacion
1235 3174 1322 3232 sobre
1351 3174 1379 3232 la
1405 3172 1537 3234 Historia

477 3280 705 3356 Guadalupana.
719 3280 802 3335 nurn.
822 3278 1036 3349 rou-Curidi
1051 3281 1184 3351 Alcoser,
1200 3280 1353 3357 Apologia
1366 3280 1406 3341 de
1419 3280 1447 3339 la
1462 3284 1537 3359 Apa·

477 3379 581 3449 ricton,
601 3396 657 3455 cap
682 3376 775 3447 XV‚§
806 3396 816 3434 r
835 3375 885 3437 ubi
901 3378 940 3436 de
955 3376 1170 3437 instrumentis.

500 3534 505 3543 .
520 3480 563 3556 (2)
607 3480 651 3539 Ita
667 3478 838 3539 Concilium
853 3476 993 3543 decrevit,
1005 3495 1069 3553 cap.
1082 3476 1226 3537 XXXIV.
1243 3479 1447 3539 “blandamos
1461 3484 1479 3539 t
1493 3479 1538 3539 los

359 3579 365 3603 ⁸
477 3566 613 3639 nuestro's
642 3575 833 3647 Visitadores,
851 3594 962 3651 queen
979 3576 1022 3633 las
1053 3575 1185 3652 Iglesias,
1214 3596 1233 3653 y
1257 3576 1372 3655 lagares
1388 3576 1464 3653 ptos,
1478 3596 1538 3655 que

476 3675 624 3743 visitaren,
640 3694 725 3745 vean,
740 3674 928 3753 y,exarninen
945 3674 1015 3733 bien
1030 3675 1073 3733 tas
1091 3673 1249 3742 Historias,
1264 3678 1282 3733 ἑ
1298 3676 1465 3753 lmtgenes,
1478 3695 1537 3753 quc

477 3778 560 3836 estin
577 3774 716 3851 pintadas
730 3773 815 3834 hasta
830 3772 911 3851 aqui,
928 3794 945 3849 y
961 3774 1003 3832 las
1015 3790 1075 3847 que
1100 3773 1231 3835 haltaren
1261 3773 1418 3851 apocrifus,
1432 3776 1476 3834 las
1490 3775 1539 3833 ha·

476 3891 532 3949 gan
549 3871 677 3949 quitar”

516 3968 561 4046 (3)
604 3970 649 4029 Lu
665 3970 789 4030 Estrella
804 3969 852 4030 del
869 3970 963 4029 Norte
978 3970 1017 4029 de
1033 3968 1163 4048 Μὲκὶεο,
1186 3990 1251 4049 cap.
1271 3991 1316 4049 19,
1332 3972 1415 4034 urim.
1436 3994 1492 4051 ²3²
1509 3988 1539 4037 et

479 4088 494 4130 2
539 4116 545 4129 .

496 4088 562 4245 3(34)
606 4167 695 4227 Extat
708 4166 783 4227 haec
798 4164 938 4227 Narratio
961 4166 993 4226 in
1020 4164 1206 4231 Bibliotheca
1221 4172 1342 4250 publica
1357 4174 1541 4237 Guadalaxa·

477 4284 566 4331 tensi.
1315 4276 1321 4283 '
