3625 5217
762 494 827 571 15?

253 663 352 751 ratio,
368 678 473 760 prout
488 694 566 740 cnm
579 670 761 741 Florencia
775 672 898 760 conjici
920 676 1045 761 potest,
1062 668 1191 758 scripta
1216 660 1323 735 inisse

254 770 393 837 videtur
417 778 496 841 ante
508 772 911 852 annum1616,uell(506.
935 772 1023 838 Nam
1035 794 1123 859 opus
1134 771 1171 837 P.
1183 770 1326 836 Floren-

256 873 318 954 cia,
331 876 385 941 cni
403 875 527 943 titulus
556 876 610 941 Lu
624 874 762 941 Eutrelln
775 876 824 941 del
838 876 939 941 Norte
953 875 991 941 de
1010 872 1141 953 Me'nioo,
1172 871 1325 960 perlecta

256 984 331 1044 erat
343 1001 433 1046 anno
445 979 540 1045 1686:
552 979 599 1063 (1)
610 978 647 1044 in
658 999 700 1044 eo
711 984 825 1045 antem
837 1000 942 1067 opere
953 978 1022 1045 sibi
1032 976 1141 1044 videri
1153 974 1276 1042 asserit
1286 972 1324 1039 P.

257 1079 438 1147 Florencia
451 1086 531 1149 ante
545 1082 766 1169 septuaginta
779 1082 833 1148 vel
848 1080 1023 1169 octoginta
1039 1102 1146 1147 annos
1162 1077 1326 1165 scriptam

258 1182 366 1251 luisse
396 1184 605 1273 praedictam
620 1183 871 1265 Narrationem,
894 1206 999 1271 quam
1028 1206 1110 1272 prae
1142 1182 1252 1250 oculis
1267 1181 1326 1247 ha·

260 1286 346 1373 buit
371 1290 419 1373 (2)

302 1392 353 1457 99
377 1391 431 1459 De
446 1391 542 1457 cultu
556 1412 635 1477 quo,
647 1391 747 1477 aquis
758 1390 884 1458 Marici
893 1388 1014 1457 urbem
1026 1390 1260 1469 inundatibus,
1274 1409 1328 1454 ve·

261 1499 381 1562 aerata
391 1493 458 1561 fuit
468 1493 598 1561 ibidem
606 1494 646 1560 B.
658 1496 705 1561 M
716 1495 757 1562 V.
768 1496 806 1561 in
817 1514 881 1561 sna
892 1493 1045 1581 Imagine
1059 1490 1329 1579 Guadalupensi,

262 1597 421 1665 notitiam
436 1618 477 1664 ex
491 1597 622 1685 triplici
650 1598 744 1665 tonte
774 1598 971 1687 assumpsit,
987 1602 1022 1663 et
1031 1594 1098 1663 sibi
1113 1592 1331 1681 transcripsit

264 1700 435 1780 Boturini‚
450 1701 497 1787 (3)
510 1700 652 1781 scilicet¹
662 1724 704 1769 ex
714 1702 815 1770 libris
827 1700 1077 1790 capitularibus
1092 1697 1331 1787 Metropolita-

265 1826 328 1871 nae
341 1804 516 1871 Msxieeae
530 1803 717 1885 Ecclesiae,
735 1813 772 1873 et
797 1828 840 1873 ex
855 1807 947 1873 libro
963 1802 1207 1889 manuscripto,
1238 1800 1333 1887 quod

266 1906 507 1976 asservabatur
520 1907 558 1973 in
572 1906 794 1977 Bibliotheca
823 1910 957 1999 collegi
980 1907 1124 1975 Maximi
1149 1902 1333 1973 Societatis

266 2012 362 2091 lesu,
378 2015 415 2079 st
443 2034 485 2077 ex
499 2010 651 2078 secunda
682 2018 780 2099 parta
809 2036 953 2102 operum
978 2012 1153 2099 cujusdam
1183 2006 1334 2075 auctoris

269 2115 411 2183 Ordinis
434 2112 553 2182 Sancti
567 2113 752 2196 Dominici,
767 2138 857 2202 quae
881 2116 1032 2183 secunda
1046 2136 1127 2204 pars
1142 2112 1335 2202 praedicto·

269 2236 345 2281 rum
361 2236 504 2302 opernm
534 2214 770 2303 manuscripta
798 2216 1041 2283 asservabatur
1056 2216 1092 2281 in
1120 2210 1335 2281 Monasterio

270 2318 426 2385 Maricae
449 2316 700 2403 Religiosorum
730 2318 885 2405 ejusdem
916 2319 1066 2387 Ordinis
1089 2318 1195 2385 Sacra
1221 2320 1336 2382 antem

270 2420 391 2509 Imago
399 2421 440 2488 B.
449 2422 497 2487 M.
507 2422 548 2489 V.
558 2422 602 2489 de
613 2420 818 2509 Gnadalnpe
829 2422 1003 2489 Mexicnm
1016 2421 1183 2489 translata
1198 2420 1264 2486 luit
1278 2440 1338 2485 an-

271 2525 428 2604 n016293
451 2524 571 2612 ibique
600 2525 792 2614 permansit
820 2548 932 2613 nsque
948 2526 992 2593 ad
1008 2548 1135 2593 annum
1149 2522 1241 2589 1634.
1260 2522 1307 2605 (4)

319 2701 370 2766 10.
391 2697 482 2765 Silas
497 2698 539 2763 D.
552 2697 767 2767 Franoiecus:
777 2696 844 2763 init
853 2698 994 2779 Ductor,
1005 2705 1041 2765 et
1055 2696 1262 2783 Theologiae
1277 2716 1339 2781 pu·

274 2801 388 2869 blicns
401 2800 570 2888 Magister
583 2800 621 2867 in
633 2800 815 2867 Mericana
839 2800 1085 2881 Universitate‚
1118 2804 1222 2886 atque
1235 2798 1340 2865 etiam

275 2901 469 2969 Canonicns
483 2901 681 2989 Theologus
695 2902 732 2968 in
746 2902 1017 2991 Metropolitana
1031 2901 1157 2969 Marici
1173 2900 1338 2968 Ecclesia

278 3112 377 3155 minas
390 3093 430 3153 de
442 3091 574 3166 Mexico,
589 3090 640 3153 lib.
655 3112 685 3169 3,
699 3111 764 3170 cap.
786 3114 830 3169 14,
846 3094 929 3155 num.
954 3090 1214 3169 644.-Boturiui‚
1234 3091 1343 3154 Cattlo

279 3212 318 3269 go
331 3192 381 3253 del
393 3193 502 3252 Museo
517 3191 656 3263 budiano,
672 3195 687 3267 5
701 3209 750 3268 35,
779 3191 864 3251 mim.
879 3195 907 3265 6,
931 3193 985 3271 qui
1001 3191 1140 3253 notitiam
1165 3192 1255 3268 hujus
1271 3190 1344 3249 Nar·

281 3290 406 3353 rationis
422 3309 458 3351 ex
469 3288 646 3368 fragmentis
667 3287 820 3351 historicis
833 3294 872 3351 D.
896 3290 997 3354 Caroli
1023 3291 1168 3369 Sigiienza
1183 3310 1215 3351 se
1240 3294 1344 3352 asserit

281 3388 578 3461 habuisse-Urbe,
594 3386 784 3449 Disertacion
800 3388 1075 3451 Histrico-critica
1088 3392 1176 3452 sobre
1190 3392 1218 3451 la
1239 3390 1345 3471 Apuri-

250 3532 253 3539 .
282 3483 361 3558 cion,
375 3486 390 3561 5
403 3505 432 3562 9,
444 3488 511 3564 ptg.
531 3486 588 3562 198
602 3483 633 3543 in
645 3482 708 3544 edit
728 3486 799 3544 anni
819 3485 1057 3546 1821.—Guridi
1072 3486 1207 3559 Alcoser‚
1234 3490 1348 3565 Apolo-

284 3584 430 3661 gledela
445 3581 617 3661 Aparicion,
632 3596 699 3653 etc..
715 3603 780 3660 cap.
800 3601 845 3661 15,
862 3584 914 3643 nbi
929 3586 968 3645 de
982 3584 1186 3663 scriptoribus:
1200 3600 1230 3647 et
1244 3586 1301 3647 alii.

326 3680 372 3760 (ι)
413 3683 452 3741 Iu
466 3682 593 3743 Summa
619 3682 814 3743 licentiarum
839 3694 962 3759 apparet
992 3683 1164 3743 Praelatum
1180 3684 1347 3761 regularem

286 3776 438 3839 licentiam
460 3796 545 3839 anno
563 3780 639 3839 1686
661 3778 828 3841 dedissent
854 3776 931 3855 typis
955 3777 1004 3838 edi
1033 3792 1134 3855 posset
1162 3779 1348 3857 praedictum

288 3895 364 3955 opus
379 3878 412 3936 P.
426 3876 595 3939 Florencia.

329 3976 374 4054 (2)
416 3976 491 4053 Cap.
507 3974 598 4047 XIII,
612 3978 628 4053 5
642 3978 670 4049 8,
686 3976 769 4038 num.
788 3978 854 4036 160.

330 4073 376 4150 (3)
418 4072 565 4151 Cattlogo
578 4073 629 4133 del
644 4075 755 4134 Museo
777 4071 915 4147 Indiaue,
930 4076 945 4149 5
959 4076 1007 4150 36,
1022 4079 1106 4134 num.
1124 4092 1151 4152 5,
1167 4077 1185 4134 6
1201 4086 1233 4137 et
1251 4095 1275 4151 7.

331 4170 376 4250 (4)
417 4170 561 4245 Cabrera,
577 4172 700 4233 ascum
714 4172 753 4234 de
764 4174 872 4233 Arnas
886 4172 926 4233 de
942 4172 1073 4247 Me'xico,
1088 4171 1138 4235 lib.
1154 4194 1182 4251 3,
1198 4194 1262 4252 cap.
1283 4178 1330 4235 18.

1227 4272 1271 4340 20
