3625 5217
965 445 1007 514 2⁶2

456 622 521 687 inic
535 620 762 687 onhuehuetzi
775 621 926 689 nohuian
941 642 1165 707 necoccampa
1184 624 1517 709 quitzitzitzquiticac

455 724 574 812 Angeh
591 724 659 791 auh
683 728 726 815 ini
743 724 901 805 neololol,
926 728 970 789 ini
1000 724 1205 791 nechichiuh
1235 725 1416 805 anichilare,
1446 726 1515 792 auh

455 828 645 894 teocuitlatl
661 826 891 913 iniquechtlan
908 830 938 893 ic
952 826 1145 911 galiuhticru
1157 822 1226 893 auh
1243 832 1287 893 ini
1303 827 1444 915 Atlapai
1458 850 1516 893 ne·

455 953 569 1019 papan
583 934 753 1019 quetzalli,
770 954 928 1019 nepapen
951 930 1052 999 ihuitl
1082 933 1307 1016 cocouhticao,
1338 932 1516 1017 quihuica·

454 1038 540 1103 tioac
556 1040 599 1101 ini
616 1038 727 1101 mama
741 1036 861 1123 Angel;
876 1034 945 1100 auh
976 1038 1040 1101 inic
1055 1040 1127 1121 neci
1143 1037 1226 1102 huel
1242 1037 1362 1121 iuhqui
1388 1040 1423 1102 in
1437 1062 1516 1125 pao-

454 1147 542 1212 tlcao
557 1143 876 1211 motlamachtiticoc
890 1142 958 1207 inic
987 1141 1336 1228 quimonapalhuitioa
1367 1143 1399 1205 in
1417 1140 1514 1207 iihui-

455 1270 513 1313 cac
528 1246 851 1333 Tittocacihuapilli.

491 1413 656 1500 (Seurritrrr
670 1414 817 1479 arurrotio
837 1413 1048 1499 quartanarum
1062 1412 1296 1491 intractatam,
1309 1433 1404 1497 qruam
1421 1436 1481 1477 aron

772 1524 815 1581 eat
830 1538 943 1583 croceae
957 1516 1006 1582 iric
1020 1518 1195 1603 apparere).

856 1726 1112 1737 .------.

836 1858 972 1981 irrata
1005 1858 1140 1980 latina

583 2020 859 2165 rraarrrrrtia
878 2018 1089 2140 Mantua
1125 2018 1391 2141 Narrationis.

498 2418 566 2487 Hic
581 2427 759 2487 enarratur
774 2419 948 2506 quomodo
968 2419 1068 2485 ualde
1098 2418 1303 2486 mirabiliter
1318 2420 1516 2509 Tepeyacac

455 2532 616 2619 apparuit
644 2532 770 2598 Sancta
788 2531 901 2596 Maria
914 2554 1049 2617 semper
1063 2530 1179 2618 virge,
1194 2531 1261 2597 Dei
1292 2530 1450 2599 Genitrix
1464 2538 1516 2599 at-

455 2658 522 2723 que
538 2637 687 2703 Domina
701 2640 828 2715 nostra,
844 2658 933 2722 quae
945 2636 1071 2704 dicitur
1082 2638 1296 2725 Guedalupe.

497 2892 600 2961 Prius
615 2892 653 2959 B.
665 2894 703 2960 V.
735 2916 772 2961 ee
797 2892 978 2959 ridendam
1008 2895 1169 2981 praebuit
1199 2896 1290 2975 indo,
1307 2897 1363 2963 cui
1392 2920 1515 2965 nomen

454 2996 606 3067 Joannee
634 2996 799 3075 Didacus;
827 2996 951 3062 deinde
981 2998 1133 3084 pretiosa
1155 2998 1230 3084 ejus
1252 2998 1372 3087 Imago
1402 3022 1515 3067 coram

455 3124 543 3169 noro
554 3100 728 3189 Episcopo
743 3100 785 3165 D.
808 3098 862 3165 Fr.
884 3098 1018 3167 Joanne
1049 3101 1258 3189 Sumarraga
1276 3102 1445 3189 apparuit
1470 3102 1517 3170 Et

455 3204 564 3271 multa
579 3210 741 3292 operetur
756 3202 935 3269 mirabilia.

498 3462 625 3528 Decem
649 3460 831 3529 transactis
847 3460 946 3527 annia
961 3466 1042 3548 poet
1056 3460 1224 3528 devictam
1240 3458 1365 3527 Mexici
1386 3459 1516 3543 urbem,

454 3564 559 3631 armis
572 3564 641 3651 jam
657 3562 825 3651 depositis
839 3570 874 3629 et
886 3564 1003 3640 scutis,
1018 3562 1150 3629 civibus
1162 3564 1199 3629 in
1210 3586 1294 3651 pace
1308 3586 1516 3631 commoran-

454 3666 559 3747 tibus,
575 3667 725 3734 stabiliri
748 3668 816 3754 jem
833 3667 1018 3755 inceperat,
1034 3667 1189 3747 florebat,
1205 3675 1309 3755 atque
1333 3668 1518 3755 effulgebat

454 3772 526 3837 reri
554 3770 631 3849 Dei,
657 3770 747 3837 ritae
764 3770 923 3847 aratoria,
954 3769 1041 3835 fides
1071 3788 1174 3856 atque
1205 3769 1362 3857 cognitio.
1408 3770 1514 3851 Tarne,

454 3898 545 3963 ergo,
575 3896 664 3941 anno
693 3874 877 3941 millesimo
901 3872 1176 3960 quingentesimo
1199 3872 1376 3960 trigesimo
1390 3874 1512 3961 primo,

454 3984 533 4067 poet
548 3978 623 4046 dies
638 3978 771 4065 aliquot
785 3979 913 4045 mensis
927 3976 1139 4054 Decembris,
1163 3999 1240 4043 cum
1255 3980 1348 4043 esset
1374 3976 1514 4063 quidam

453 4084 555 4153 indue
570 4107 701 4173 pauper
716 4090 751 4151 et
766 4084 876 4173 inope,
893 4085 949 4150 cui
974 4108 1098 4151 nomen
1112 4084 1264 4151 Joannee
1294 4085 1457 4165 Didacura
1474 4090 1514 4153 ut

453 4188 570 4268 iretur,
600 4212 641 4253 ex
663 4188 877 4271 Orrcaairta‘tlorr,
894 4188 1001 4274 cujus,
1031 4193 1197 4273 quantum
1224 4188 1267 4255 ad
1296 4189 1512 4278 spiritualem
