3625 5217
808 516 850 583 3³

303 702 364 789 qui
377 703 452 789 ejus
481 704 614 771 audiret
644 704 901 783 contessionem,
918 705 1101 791 ipsumque
1123 705 1235 809 ‚morti
1250 704 1367 792 dispo·

305 806 409 879 neret,
439 800 635 890 Tepeyccae
658 826 695 870 se
725 803 794 891 ipsi
808 802 989 870 videndam
1005 803 1165 892 praebuit
1194 802 1291 872 Coeli
1299 804 1367 873 Re·

304 902 393 990 gius,
408 904 590 992 ipsumque
620 906 791 973 Mexicum
821 906 925 985 misit,
955 906 1142 975 Dominum
1156 906 1366 995 Episcopum

304 1006 469 1087 astiturus,
493 1014 533 1075 ut
561 1008 689 1075 ibidem
716 1010 914 1097 'Pepeyaoao
940 1009 1106 1098 templum
1134 1010 1203 1097 ipsi
1233 1015 1366 1079 extrue·

308 1116 371 1190 ret;
400 1110 555 1198 dixitque
571 1112 623 1178 illi
638 1112 731 1199 qnod
746 1112 834 1179 nihil
858 1112 901 1179 ds
932 1113 987 1179 sui
1003 1112 1163 1179 avunculi
1192 1112 1371 1180 infirmita·

308 1220 343 1282 te
360 1220 503 1294 curaret,
519 1215 681 1302 quoniam
696 1214 764 1301 jam
781 1237 885 1283 sanus
900 1221 984 1296 erat,
997 1222 1182 1305 propterea
1209 1216 1303 1303 quod
1318 1224 1371 1285 est

309 1316 406 1384 valde
418 1319 565 1405 gavisus
582 1318 680 1385 Dixit
692 1319 880 1385 avunculus
892 1341 1011 1386 revera
1025 1320 1122 1387 Coeli
1137 1319 1304 1407 Reginum
1318 1319 1370 1408 ip·

310 1442 384 1487 sum
397 1422 537 1489 sanitati
548 1420 751 1502 reddidisse,
767 1420 929 1509 illamque
940 1422 1054 1511 ipsum
1065 1422 1204 1502 vidisse,
1220 1429 1261 1489 ut
1274 1422 1370 1491 illam

310 1522 397 1592 vidit
412 1525 637 1591 consobrinus
652 1526 736 1612 ejus,
767 1524 923 1613 dixitque
949 1526 982 1594 ei
996 1550 1034 1593 se
1049 1526 1221 1593 Mexicum
1236 1524 1372 1593 misisse

311 1626 418 1707 illum,
432 1628 644 1716 Episcopum
675 1628 843 1709 editurum
860 1636 971 1717 'atque
997 1630 1111 1709 etism,
1139 1628 1209 1716 ipsi
1223 1628 1372 1716 injunxit

312 1734 351 1796 ut
378 1731 516 1817 quando
531 1738 640 1801 staret
666 1756 778 1799 eorem
802 1732 987 1821 Episcopo,
1011 1756 1101 1819 quse
1116 1732 1259 1812 viderat,
1275 1754 1372 1799 enor-

311 1841 412 1914 rsret
430 1841 465 1902 et
480 1836 652 1922 quomodo
665 1837 866 1903 miraculose
882 1839 1064 1903 sanitatem
1080 1842 1134 1903 est
1154 1843 1374 1923 assequutus

313 1956 442 2001 necnon
457 1958 546 2023 quse
561 1936 607 2002 sit
622 1936 773 2023 Virginis
796 1935 984 2014 advocatio,
999 1940 1035 2003 et
1060 1934 1154 2023 quod
1169 1934 1244 2021 ejus
1258 1934 1373 2022 imago

313 2037 447 2105 dicatur
461 2040 605 2107 Sanctae
620 2038 753 2105 Mariae
769 2060 904 2124 semper
927 2038 1080 2125 Virginis
1095 2038 1138 2105 de
1155 2036 1370 2125 Guadalupe.

313 2141 413 2209 illico
428 2165 509 2231 ergo
523 2142 691 2214 Joannem
707 2140 957 2209 Bernsrdinum
967 2141 1012 2208 ad
1027 2142 1214 2209 Dominum
1230 2143 1374 2231 Episco-

314 2266 396 2331 pum
411 2244 634 2325 deduxerunt,
651 2245 712 2333 qui
727 2267 841 2311 coram
870 2243 932 2310 illo
947 2245 990 2311 de
1005 2246 1049 2311 iis
1063 2246 1200 2312 locutus
1226 2250 1262 2313 et
1276 2245 1374 2313 testi·

314 2348 436 2415 flectus
451 2354 514 2426 est3
537 2354 641 2435 etque
657 2348 741 2435 ipse,
759 2353 793 2413 et
807 2347 961 2414 Joennes
975 2348 1131 2414 Didacus
1147 2372 1208 2436 per
1223 2348 1299 2415 dies
1314 2348 1377 2414 ali·

316 2458 400 2537 quot
414 2452 450 2519 in
465 2452 566 2519 domo
578 2452 744 2539 Episcopi
756 2456 1026 2539 permanserunt,
1036 2450 1118 2516 dum
1130 2452 1297 2538 templum
1312 2450 1376 2517 ΤΘ·

316 2576 464 2641 peyscac
478 2560 669 2621 strueretur
697 2555 733 2621 in
749 2554 845 2621 Coeli
860 2554 1012 2641 Reginus
1028 2554 1193 2619 honorem
1223 2552 1285 2620 nbi
1300 2553 1377 2641 ipsa

316 2658 339 2723 J
340 2658 442 2723 oanni
457 2658 590 2725 Didsco
605 2658 774 2746 apparuit
820 2657 874 2723 Ad
900 2680 982 2724 vero
996 2657 1167 2724 Dominus
1181 2656 1377 2745 Episcopus

317 2760 413 2827 Coeli
428 2762 578 2846 Reginae
595 2784 725 2827 sacram
741 2762 931 2849 Imaginem
946 2761 981 2826 in
993 2760 1173 2848 Templum
1189 2760 1304 2847 Majus
1318 2758 1376 2825 de·

317 2863 406 2943 tulit,
436 2887 455 2931 e
471 2865 573 2931 domo
589 2888 652 2931 sua
666 2865 761 2931 illum
778 2864 937 2943 educens,
954 2864 990 2929 in
1007 2864 1104 2951 cujus
1119 2861 1280 2931 Oratorio
1295 2883 1379 2950 per-

318 2972 498 3047 manserat,
515 2974 553 3034 ut
568 2991 685 3035 omnes
695 2967 850 3034 viderent
862 2967 967 3047 illam,
982 2972 1018 3033 et
1030 2966 1288 3034 admirarentur.
1314 2964 1380 3031 Oc·

319 3070 425 3139 currit
438 3093 520 3159 ergo
544 3072 704 3139 universa
719 3070 849 3150 civitas,
870 3070 1103 3137 venerabilem
1132 3068 1316 3156 imaginem
1331 3066 1381 3133 vi·

319 3172 454 3254 debunt,
472 3174 692 3254 mirabuntur,
708 3174 968 3252 venerabantur,
985 3172 1265 3262 deprecabantur.
1300 3168 1383 3239 vel·

319 3282 362 3350 de
377 3280 589 3351 mirabantur
603 3307 645 3351 eo
674 3284 768 3371 quod
783 3283 986 3350 miraculose
1010 3282 1180 3371 apparuit,
1210 3303 1274 3349 nec
1287 3280 1382 3349 ullus

320 3386 496 3455 hominum
513 3388 609 3455 illam
619 3388 782 3476 depinxit

366 3646 530 3733 (Sequitur
542 3646 697 3732 Imupinir
711 3645 887 3733 descriptio,
902 3667 983 3731 quus
1011 3664 1073 3710 ιιοιι
1087 3645 1221 3710 vertitur
1235 3665 1271 3710 eo
1300 3642 1384 3728 quod

321 3750 430 3815 (binde
443 3750 596 3815 inseritur
609 3773 648 3815 ec
663 3750 826 3822 Oubrera.)

366 3976 420 4043 De
435 3976 548 4062 hujus,
564 3996 662 4061 quae,
678 3974 735 4041 hic
749 3974 854 4041 latine
877 3973 1031 4052 vertitur,
1046 3970 1262 4043 Narrationis
1292 3969 1381 4037 anti-

324 4079 456 4167 quitate
471 4076 604 4147 dicetur
620 4098 696 4145 cum
711 4074 753 4141 de
768 4075 997 4165 scriptoribus
1010 4078 1185 4147 tractetur„
