3625 5217
778 468 842 542 161

300 652 344 703 ua
358 636 488 707 Marici
500 640 659 710 Ecclesia
669 640 865 709 canonicus
885 642 1125 721 concionator,
1149 638 1273 707 deinde
1289 658 1368 704 auc·

302 743 360 806 tus
373 741 552 830 Dignitate
567 744 812 825 scholastriae,
829 747 876 833 (1)
892 744 1036 832 scripsit

349 842 481 912 Tetrica
508 847 547 913 de
560 846 594 913 lo
621 848 818 934 Prodiproac
842 848 973 933 Imcqen
988 848 1026 913 de
1053 846 1157 915 Scuto
1188 844 1302 911 ,ilario
1330 842 1368 907 rie

308 948 504 1039 (iuudulupe.
520 952 607 1041 Typ.
623 952 694 1021 dac
711 976 763 1019 un.
781 953 875 1022 1661.
894 954 941 1037 (2)

346 1154 395 1223 17.
419 1155 625 1245 Sigienzay
641 1158 804 1245 Gongoru
815 1158 858 1223 D.
874 1157 1031 1236 Carolus,
1050 1154 1247 1243 Presbyter,
1264 1160 1368 1240 atque

303 1256 432 1324 exiliis
456 1258 541 1327 viris
555 1262 615 1349 qui
631 1260 786 1328 Patriam
801 1260 994 1348 sapientiae
1010 1256 1193 1348 splendore
1223 1256 1368 1323 maxime

304 1358 571 1429 illustraverunt
609 1362 845 1430 Peritissimus
855 1362 1054 1430 Meriosnae
1085 1360 1239 1449 Linguae
1248 1364 1285 1425 et
1296 1359 1369 1426 Me·

303 1462 499 1530 sicanorum
522 1466 779 1553 Antiquitatum
804 1465 872 1532 fuit
896 1466 966 1543 iile,
983 1470 1018 1531 et
1044 1465 1080 1529 in
1092 1464 1199 1531 sacris
1215 1462 1369 1529 scientiis

305 1564 403 1633 ralde
412 1566 581 1649 eruditus,
592 1573 697 1657 poeta
706 1568 858 1657 insuper,
871 1574 907 1636 et
919 1567 1159 1657 philosophus,
1176 1565 1370 1633 ditissimus

303 1664 453 1756 «lenique
481 1670 701 1757 antiquorum
716 1671 897 1739 Historiae
927 1676 1047 1738 nostra
1076 1668 1369 1735 documentorum:

305 1770 504 1839 Matheseos
514 1770 580 1841 tuit
594 1772 756 1861 publicus
766 1772 937 1861 Magister
948 1773 985 1839 in
997 1770 1178 1837 Mexicana
1193 1770 1369 1837 Universi·

306 1878 387 1953 tute,
396 1881 434 1941 et
442 1874 573 1963 Regina
584 1876 865 1966 cosmographus
877 1876 923 1944 ab
934 1876 1127 1965 Hispaniae
1139 1878 1233 1965 Rege
1246 1880 1371 1944 consti·

307 1990 412 2051 tutus
455 1985 510 2053 Ea
523 1987 639 2055 Etiam
668 1988 762 2077 apud
776 1995 915 2057 exteros
940 1988 1131 2077 sapientiae
1162 1988 1254 2055 fama
1268 1996 1371 2056 notus

307 2096 390 2170 erat,
406 2099 445 2159 ut
455 2093 647 2162 honoribus
658 2094 787 2161 oblatis
797 2093 903 2160 fuerit
914 2092 1112 2160 inritatusa
1128 2091 1262 2159 Galliae
1277 2092 1372 2179 Rege

308 2200 347 2259 ut
360 2194 444 2262 iiiuc
457 2218 534 2265 sese
556 2198 765 2266 transferret
792 2200 839 2283 (6)
856 2196 1006 2284 Scripsit

348 2297 546 2366 Primcvcrc
559 2300 703 2382 indicna,
726 2302 822 2389 typis
837 2301 1023 2367 mexicanis
1051 2300 1147 2366 edita
1161 2322 1250 2367 anno
1276 2300 1371 2377 1662,

308 2398 433 2468 deinde
462 2424 551 2469 unno
565 2404 660 2483 1668,
676 2426 717 2470 ac
745 2403 850 2471 stiam
873 2404 967 2470 1683.
1012 2404 1078 2471 Est
1093 2402 1222 2469 Poema
1237 2423 1371 2469 sacrum

309 2502 443 2590 epioum
473 2503 516 2571 de
544 2505 807 2595 Guadslupensi
827 2509 1064 2596 Apparitione.
1092 2511 1137 2595 (4)

357 2606 485 2674 Gloriae
498 2609 536 2675 de
550 2610 730 2691 ocream,
741 2615 812 2699 typ
822 2610 877 2677 ed.
893 2612 948 2679 Ibi
964 2613 1065 2701 plura
1079 2620 1114 2681 et
1130 2613 1312 2701 praeclara
1328 2612 1372 2679 de

309 2708 405 2775 cultu
418 2710 459 2777 R
477 2714 523 2779 M.
539 2712 578 2779 V.
594 2713 639 2780 de
650 2712 855 2803 Guudalupe
870 2716 909 2783 iu
923 2738 964 2782 ea
976 2715 1121 2783 civitate.
1139 2718 1187 2799 (6)

353 2940 402 3006 lu
447 2939 558 3009 Bmus
572 2942 880 3033 Angelopolitanus
890 2946 1099 3035 Episcopus,
1114 2954 1151 3014 et
1173 2947 1375 3015 Mexioanus

310 3046 448 3124 Prorex,
457 3045 500 3111 D.
513 3044 668 3113 Didacns
682 3045 807 3113 Osorio
821 3046 976 3113 Esoobar
989 3070 1013 3135 y
1028 3046 1179 3127 Llamas;
1194 3070 1325 3115 necnon
1340 3054 1376 3117 et

310 3148 474 3218 Canonici
485 3148 774 3238 Metropolitanae
785 3149 959 3217 Ecclesiae
972 3150 1183 3231 Msxicanue;
1193 3174 1325 3219 necnon
1340 3158 1376 3219 et

350 3359 396 3435 (r)
438 3356 596 3431 Beristain,
613 3356 733 3419 Bibliot
752 3368 808 3418 art.
826 3357 917 3418 Vidal
934 3356 1081 3438 Figueroa
1097 3363 1135 3423 D.
1151 3358 1233 3439 Josi.

353 3458 398 3535 (2)
440 3454 597 3531 Beristsin,
613 3456 652 3517 ib.

352 3558 399 3635 (3)
440 3554 577 3633 Eguiara,
593 3554 712 3617 Bibliot.
733 3552 844 3615 Mexic.
858 3566 915 3617 art.
933 3558 976 3616 D:
989 3556 1116 3619 Carolus
1131 3558 1171 3619 de
1185 3558 1330 3636 Sigiienru
1346 3572 1375 3621 et

313 3652 665 3733 Congere-Berisum,
694 3651 815 3714 Bibliot
848 3652 936 3732 Hisp.
958 3654 1088 3716 Americ.
1116 3668 1170 3717 art.
1185 3656 1330 3736 Sigiiensa
1357 3679 1375 3736 y

314 3766 456 3839 Gorgon
471 3763 510 3823 D.
527 3762 643 3825 Cattos.

354 3862 399 3943 (4)
444 3864 584 3943 Eguiaru,
611 3862 732 3925 Bibliot
749 3860 859 3922 Mexic
885 3874 941 3922 art.
958 3863 995 3925 D.
1028 3862 1156 3925 Carolus
1181 3862 1378 3942 designem
1484 3854 1491 3867 '

314 3977 346 4027 et
360 3958 713 4045 Congum—Berisum,
728 3958 852 4022 Bibliot.
878 3960 967 4039 Hisp.
983 3960 1115 4023 Americ.
1130 3972 1182 4023 art.
1200 3960 1345 4040 Sigiienza
1359 3982 1378 4039 y

314 4066 458 4143 Gongora
473 4065 511 4123 D.
527 4060 643 4136 Curios3
658 4058 760 4121 etalii.

355 4162 400 4241 (ς)
442 4158 571 4239 anima
588 4169 620 4219 et
634 4156 739 4221 Berist.
756 4155 808 4218 ubi
833 4176 935 4235 supra;
948 4168 977 4219 et
991 4156 1206 4221 alii-Videre
1221 4156 1290 4219 licet
1318 4156 1378 4217 hoc

309 4278 387 4339 opus
400 4258 433 4320 in
446 4258 570 4339 publica
583 4258 706 4323 Bibliot
731 4258 864 4323 civitatis
878 4256 1116 4322 Guadalurarae.
