3625 5217
791 614 855 680 225

304 783 336 853 la
351 784 552 873 sufragaron
567 807 651 873 para
667 789 800 851 costean
815 808 884 851 una
899 786 1040 853 decente
1053 786 1220 877 Iglosiay
1236 788 1368 877 consig-

305 890 1299 981 1111111110011101110111ᾶο111010101101001010111
1315 916 1369 960 ca·

304 1024 360 1069 aar
374 998 567 1068 1116111111
612 996 735 1065 Dicelo
764 1020 806 1063 au
829 1018 969 1063 sucesor
995 997 1036 1064 D.
1065 998 1178 1065 Pedro
1204 998 1310 1085 Moya
1325 998 1367 1065 (10

305 1104 488 1171 Contreraa
510 1125 553 1169 en
584 1102 687 1190 papel
702 1123 770 1187 que
785 1123 822 1167 10
843 1122 1007 1166 conserva
1033 1101 1179 1188 original
1194 1105 1289 1169 entre
1315 1101 1369 1167 101

305 1208 347 1273 (10
363 1208 465 1293 aquel
479 1205 671 1273 Santuario.
717 1205 772 1269 En
787 1204 916 1290 tiempo
931 1203 974 1271 de
990 1210 1063 1271 asts
1093 1204 1285 1291 Arzobispo
1301 1226 1368 1290 quc

305 1308 362 1379 ina‘
377 1308 587 1396 consagrado
602 1330 645 1375 en
656 1305 791 1375 Merico
807 1306 839 1373 01
855 1306 951 1373 01000
978 1307 1021 1373 (10
1037 1306 1233 1373 Diciembre
1250 1307 1292 1374 de
1308 1308 1369 1374 mil

305 1415 501 1501 quinisntos
517 1418 688 1499 setentay
712 1417 840 1491 cuatro,
865 1412 1039 1479 crecieron
1064 1414 1318 1481 notablsm'snte
1334 1415 1369 1480 la

305 1518 469 1587 devocion
484 1541 507 1605 y
522 1518 574 1583 laa
589 1516 763 1595 limoanas¹
781 1538 878 1582 como
902 1538 1044 1604 aparecs
1060 1540 1124 1605 por
1139 1518 1173 1587 la
1202 1524 1296 1584 carta
1311 1518 1369 1584 (101

304 1621 419 1709 Virey,
435 1644 523 1710 cuyo
539 1618 691 1709 capitulo
721 1618 819 1707 copie
834 1619 960 1699 arriba;
975 1620 1018 1687 (10
1045 1620 1149 1687 modo
1177 1644 1244 1708 que
1273 1620 1369 1687 hubo

306 1725 427 1791 candal
442 1748 528 1813 para
543 1746 700 1811 comprar
714 1727 838 1797 nautas.
853 1745 961 1809 ponor
976 1746 1019 1790 sn
1047 1724 1215 1791 cortiante
1230 1724 1283 1791 los
1308 1724 1369 1790 do-

305 1836 358 1895 tes
373 1828 416 1894 de
432 1839 484 1894 las
498 1826 692 1900 hadrianae,
707 1849 774 1912 que
790 1827 823 1892 al
835 1849 976 1914 parecer
991 1849 1036 1893 no
1046 1827 1081 1892 lo
1092 1825 1220 1893 habian
1236 1825 1368 1907 astcd0,

305 1962 328 2025 y
343 1936 598 2003 mantener'dos
614 1935 790 2023 oldrigoa”
810 1940 821 2020 (
846 1941 857 2017 )

347 2075 416 2141 His
431 2073 604 2140 annotatis
620 2073 663 2140 ad
679 2073 843 2161 specialia
859 2074 1091 2161 procedamus.

347 2196 397 2262 Ut
409 2194 487 2281 pius
504 2194 698 2281 neophytus
712 2195 736 2261 J
737 2217 865 2261 oannes
887 2194 1042 2261 Didacus
1058 2197 1238 2283 palliolum
1269 2220 1369 2265 suum

305 2298 469 2385 explicuit
484 2308 598 2362 coram
613 2297 793 2364 Maricano
810 2297 985 2377 Antistite,
1002 2305 1037 2365 01
1057 2300 1158 2379 rosis,
1175 2307 1210 2368 et
1224 2302 1368 2369 floribus

306 2400 554 2475 decidentibus,
570 2400 741 2487 Deiparac
766 2400 935 2467 Caelestis
952 2401 1072 2488 Imago
1103 2402 1146 2470 de
1162 2403 1368 2494 Guadalupe

307 2501 510 2568 mirabiliter
524 2501 560 2567 in
575 2501 718 2589 palliolo
734 2503 873 2591 depicta
887 2504 962 2570 visa
977 2504 1052 2582 fuit,
1069 2506 1185 2573 statim
1202 2513 1237 2574 01
1251 2508 1370 2575 Antis·

307 2608 457 2693 1111010,
473 2610 509 2672 et
524 2606 585 2692 qui
601 2605 649 2671 ibi
664 2606 817 2685 aderant,
846 2606 947 2673 flexis
969 2608 1115 2695 genibus
1131 2610 1317 2699 Deiparam
1334 2612 1371 2681 in

306 2732 403 2776 sacra
417 2709 478 2775 illa
500 2707 656 2797 Imagins
672 2710 824 2777 venerati
853 2716 945 2777 aunt:
961 2712 1116 2780 Antiates
1146 2718 1259 2781 autam
1276 2723 1370 2803 post·

306 2837 408 2902 quam
424 2814 665 2881 Beatissimam
682 2811 856 2900 Virginem
871 2813 1025 2900 piissime
1053 2820 1244 2895 veneratus,
1260 2823 1296 2885 01
1311 2818 1369 2885 ds·

306 2922 466 3006 precatus
480 2922 543 2995 011,
560 2917 749 3003 palliolum,
766 2916 802 2981 in
824 2938 893 3001 quo
909 2915 1047 3003 depicta
1074 2918 1243 3005 apparuit,
1260 2920 1303 2986 do
1319 2921 1371 2987 in-

305 3019 342 3086 di
357 3020 447 3086 collo
462 3018 574 3096 solvit,
591 3024 625 3084 01
640 3016 675 3082 in
687 3017 906 3104 Episcopalis
933 3018 1056 3085 domus
1087 3019 1248 3087 Oratorio
1266 3022 1370 3089 collo·

307 3124 405 3191 cavit.
426 3124 471 3206 (2)

347 3262 397 3328 Ut
408 3260 561 3327 fidelium
576 3258 750 3325 devotioni
762 3258 860 3324 fieret
869 3258 965 3337 satia,
979 3260 1199 3329 felicissimus
1212 3263 1369 3331 Antistss

308 3363 501 3431 mirabilem
530 3362 721 3449 Imaginem
743 3360 914 3429 s'Sacello
929 3363 1120 3451 episcopali
1137 3364 1172 3431 in
1187 3366 1368 3455 Templum

307 3472 416 3557 majus
427 3469 618 3538 Msxiceum
635 3468 789 3547 deduxit,
807 3491 876 3555 quo
893 3470 1056 3537 confluxit
1070 3475 1142 3537 1011
1158 3470 1290 3551 civitas,
1306 3471 1368 3538 mi·

348 3734 393 3809 (r)
435 3736 472 3791 V.
487 3735 563 3793 haec
580 3730 755 3793 Dissertatio
770 3732 801 3793 in
817 3732 904 3793 initio
919 3734 1017 3810 operis
1033 3734 1082 3794 cui
1099 3735 1212 3811 titulus,
1228 3738 1370 3815 Apologia

306 3834 382 3892 dela
396 3830 561 3909 Aparr'crbn
587 3832 622 3891 de
634 3833 768 3891 Naestra
797 3834 910 3892 Sertora
938 3834 973 3891 de
989 3832 1169 3913 Guadalupe
1183 3834 1219 3894 de
1246 3836 1369 3908 Mlxr'co,

307 3948 428 3995 auctore
444 3938 481 3995 D.
497 3937 631 4013 Josepho
648 3935 798 3995 Michaele
813 3934 920 3996 Guridi
937 3935 1068 3995 Alcoser.
1255 3928 1267 3939 '

349 4069 392 4142 (a)
436 4068 611 4129 Certissima
625 4069 699 4127 haec
727 4069 876 4129 habentur
900 4070 981 4147 apud
1010 4078 1144 4128 autores:
1161 4068 1196 4127 V.
1229 4067 1370 4127 Narratio

308 4166 464 4226 mexicano
485 4166 629 4227 idiomate
643 4185 661 4223 a
675 4166 830 4229 Ludoviro
844 4171 925 4229 Lazo
937 4168 975 4227 de
991 4170 1018 4227 la
1031 4170 1115 4244 Vega
1125 4179 1184 4243 typ.
1197 4165 1287 4237 edita,
1303 4185 1369 4227 nec·

304 4284 365 4325 nou
380 4276 410 4326 et
425 4264 619 4325 Narrationes
631 4267 663 4325 P.
676 4266 825 4328 Matthaei
837 4269 915 4328 dela
927 4268 1014 4349 Crua,
1031 4276 1062 4328 et
1073 4264 1220 4351 Ludovici
1238 4267 1368 4349 tietgerra

303 4366 418 4454 1111ορ
432 4372 464 4431 et
478 4363 568 4450 etiarn
583 4364 632 4444 alii
646 4375 793 4447 auctores,
