<?xml version="1.0" encoding="UTF-8"?>
<!DOCTYPE html PUBLIC "-//W3C//DTD XHTML 1.0 Transitional//EN"
    "http://www.w3.org/TR/xhtml1/DTD/xhtml1-transitional.dtd">
<html xmlns="http://www.w3.org/1999/xhtml" xml:lang="en" lang="en">
 <head>
  <title>
</title>
<meta http-equiv="Content-Type" content="text/html;charset=utf-8" />
  <meta name='ocr-system' content='tesseract 3.04.00' />
  <meta name='ocr-capabilities' content='ocr_page ocr_carea ocr_par ocr_line ocrx_word'/>
</head>
<body>
  <div class='ocr_page' id='page_1' title='image "./dissertatiohist00rosagoog_0189.png"; bbox 0 0 3625 5217; ppageno 0'>
   <div class='ocr_carea' id='block_1_1' title="bbox 331 770 1349 866">
    <p class='ocr_par' dir='ltr' id='par_1_1' title="bbox 331 770 1349 866">
     <span class='ocr_line' id='line_1_1' title="bbox 331 770 1349 866; baseline -0.004 -21"><span class='ocrx_word' id='word_1_1' title='bbox 331 776 381 845; x_wconf 89' lang='grc'><strong>71.</strong></span> <span class='ocrx_word' id='word_1_2' title='bbox 424 776 619 866; x_wconf 82' lang='lat' dir='ltr'><strong>Roddguez</strong></span> <span class='ocrx_word' id='word_1_3' title='bbox 647 776 703 843; x_wconf 83' lang='lat' dir='ltr'><strong>Fr.</strong></span> <span class='ocrx_word' id='word_1_4' title='bbox 720 776 854 865; x_wconf 86' lang='lat' dir='ltr'><strong>Joeeph</strong></span> <span class='ocrx_word' id='word_1_5' title='bbox 875 773 1089 855; x_wconf 77' lang='lat' dir='ltr'><strong>Emmanuel,</strong></span> <span class='ocrx_word' id='word_1_6' title='bbox 1105 770 1349 857; x_wconf 72' lang='lat' dir='ltr'><strong>franciscanus,</strong></span> 
     </span>
    </p>
   </div>
   <div class='ocr_carea' id='block_1_2' title="bbox 286 877 1353 1295">
    <p class='ocr_par' dir='ltr' id='par_1_2' title="bbox 288 877 1349 1071">
     <span class='ocr_line' id='line_1_2' title="bbox 288 877 1349 968; baseline 0 -23"><span class='ocrx_word' id='word_1_7' title='bbox 288 881 348 965; x_wconf 88' lang='lat' dir='ltr'><strong>qni</strong></span> <span class='ocrx_word' id='word_1_8' title='bbox 362 886 402 948; x_wconf 80' lang='lat' dir='ltr'><strong>ut</strong></span> <span class='ocrx_word' id='word_1_9' title='bbox 412 880 595 968; x_wconf 82' lang='lat' dir='ltr'><strong>theologus</strong></span> <span class='ocrx_word' id='word_1_10' title='bbox 624 878 736 946; x_wconf 79' lang='lat' dir='ltr'><strong>edlnit</strong></span> <span class='ocrx_word' id='word_1_11' title='bbox 756 878 795 945; x_wconf 90' lang='lat' dir='ltr'><strong>in</strong></span> <span class='ocrx_word' id='word_1_12' title='bbox 822 877 978 945; x_wconf 77' lang='lat' dir='ltr'><strong>Concilio</strong></span> <span class='ocrx_word' id='word_1_13' title='bbox 1008 882 1132 965; x_wconf 72' lang='lat' dir='ltr'><strong>quarto</strong></span> <span class='ocrx_word' id='word_1_14' title='bbox 1158 877 1349 960; x_wconf 78' lang='lat' dir='ltr'><strong>Mexiocno,</strong></span> 
     </span>
     <span class='ocr_line' id='line_1_3' title="bbox 288 982 877 1071; baseline 0.003 -22"><span class='ocrx_word' id='word_1_15' title='bbox 288 983 425 1071; x_wconf 80' lang='lat' dir='ltr'><strong>ingenio</strong></span> <span class='ocrx_word' id='word_1_16' title='bbox 439 984 647 1071; x_wconf 79' lang='lat' dir='ltr'><strong>praeclarus,</strong></span> <span class='ocrx_word' id='word_1_17' title='bbox 671 984 718 1069; x_wconf 82' lang='lat'><strong>(1)</strong></span> <span class='ocrx_word' id='word_1_18' title='bbox 735 982 877 1069; x_wconf 76' lang='lat' dir='ltr'><strong>scripsit</strong></span> 
     </span>
    </p>

    <p class='ocr_par' dir='ltr' id='par_1_3' title="bbox 286 1102 1353 1295">
     <span class='ocr_line' id='line_1_4' title="bbox 330 1102 1353 1191; baseline -0.001 -22"><span class='ocrx_word' id='word_1_19' title='bbox 330 1104 376 1169; x_wconf 76' lang='lat' dir='ltr'><strong>El</strong></span> <span class='ocrx_word' id='word_1_20' title='bbox 388 1105 472 1171; x_wconf 81' lang='lat' dir='ltr'><strong>Pale</strong></span> <span class='ocrx_word' id='word_1_21' title='bbox 485 1103 699 1191; x_wconf 66' lang='lat' dir='ltr'><strong>osmundo:</strong></span> <span class='ocrx_word' id='word_1_22' title='bbox 715 1104 767 1169; x_wconf 82' lang='lat' dir='ltr'><strong>Lo</strong></span> <span class='ocrx_word' id='word_1_23' title='bbox 783 1104 825 1168; x_wconf 91' lang='lat' dir='ltr'><strong>N.</strong></span> <span class='ocrx_word' id='word_1_24' title='bbox 840 1102 975 1189; x_wconf 69' lang='lat' dir='ltr'><strong>Ecpaea</strong></span> <span class='ocrx_word' id='word_1_25' title='bbox 989 1104 1034 1188; x_wconf 79' lang='lat'><strong>(2)</strong></span> <span class='ocrx_word' id='word_1_26' title='bbox 1050 1102 1122 1189; x_wconf 78' lang='lat' dir='ltr'><strong>bajo</strong></span> <span class='ocrx_word' id='word_1_27' title='bbox 1133 1104 1165 1169; x_wconf 81' lang='lat' dir='ltr'><strong>la</strong></span> <span class='ocrx_word' id='word_1_28' title='bbox 1174 1102 1353 1189; x_wconf 77' lang='lat' dir='ltr'><strong>proleccicn</strong></span> 
     </span>
     <span class='ocr_line' id='line_1_5' title="bbox 286 1205 1349 1295; baseline 0.004 -24"><span class='ocrx_word' id='word_1_29' title='bbox 286 1205 325 1271; x_wconf 72' lang='lat' dir='ltr'><strong>dc</strong></span> <span class='ocrx_word' id='word_1_30' title='bbox 340 1207 455 1273; x_wconf 78' lang='lat' dir='ltr'><strong>Maria</strong></span> <span class='ocrx_word' id='word_1_31' title='bbox 470 1205 652 1275; x_wconf 68' lang='lat' dir='ltr'><strong>Samieimo</strong></span> <span class='ocrx_word' id='word_1_32' title='bbox 665 1206 704 1272; x_wconf 76' lang='lat' dir='ltr'><strong>de</strong></span> <span class='ocrx_word' id='word_1_33' title='bbox 724 1206 921 1293; x_wconf 77' lang='lat' dir='ltr'><strong>Guadolupe</strong></span> <span class='ocrx_word' id='word_1_34' title='bbox 946 1206 1031 1295; x_wconf 76' lang='lat' dir='ltr'><strong>Typ.</strong></span> <span class='ocrx_word' id='word_1_35' title='bbox 1048 1205 1100 1273; x_wconf 85' lang='lat' dir='ltr'><strong>ed</strong></span> <span class='ocrx_word' id='word_1_36' title='bbox 1119 1228 1170 1275; x_wconf 82' lang='lat' dir='ltr'><strong>on</strong></span> <span class='ocrx_word' id='word_1_37' title='bbox 1190 1209 1283 1276; x_wconf 89' lang='grc'><strong>1768.</strong></span> <span class='ocrx_word' id='word_1_38' title='bbox 1302 1208 1349 1293; x_wconf 88' lang='grc'><strong>(3)</strong></span> 
     </span>
    </p>
   </div>
   <div class='ocr_carea' id='block_1_3' title="bbox 288 1394 1351 1589">
    <p class='ocr_par' dir='ltr' id='par_1_4' title="bbox 288 1394 1351 1589">
     <span class='ocr_line' id='line_1_6' title="bbox 330 1394 1351 1481; baseline -0.003 -15"><span class='ocrx_word' id='word_1_39' title='bbox 330 1396 385 1467; x_wconf 81' lang='lat'><strong>⁷2.</strong></span> <span class='ocrx_word' id='word_1_40' title='bbox 425 1396 625 1464; x_wconf 82' lang='lat' dir='ltr'><strong>Lorenzonn</strong></span> <span class='ocrx_word' id='word_1_41' title='bbox 650 1420 672 1481; x_wconf 79' lang='lat' dir='ltr'>y</span> <span class='ocrx_word' id='word_1_42' title='bbox 697 1396 833 1463; x_wconf 81' lang='lat' dir='ltr'><strong>Butron</strong></span> <span class='ocrx_word' id='word_1_43' title='bbox 851 1394 1156 1463; x_wconf 79' lang='lat' dir='ltr'><strong>Eminenliseimue</strong></span> <span class='ocrx_word' id='word_1_44' title='bbox 1184 1396 1226 1463; x_wconf 91' lang='lat' dir='ltr'><strong>D.</strong></span> <span class='ocrx_word' id='word_1_45' title='bbox 1244 1396 1351 1463; x_wconf 82' lang='lat' dir='ltr'><strong>Fren-</strong></span> 
     </span>
     <span class='ocr_line' id='line_1_7' title="bbox 288 1498 1351 1589; baseline -0.006 -18"><span class='ocrx_word' id='word_1_46' title='bbox 288 1504 398 1571; x_wconf 85' lang='lat' dir='ltr'><strong>ciecne</strong></span> <span class='ocrx_word' id='word_1_47' title='bbox 412 1504 591 1583; x_wconf 84' lang='lat' dir='ltr'><strong>Antonius,</strong></span> <span class='ocrx_word' id='word_1_48' title='bbox 607 1501 899 1589; x_wconf 83' lang='lat' dir='ltr'><strong>Archiepiecopue</strong></span> <span class='ocrx_word' id='word_1_49' title='bbox 922 1498 1131 1579; x_wconf 80' lang='lat' dir='ltr'><strong>Mexicenus,</strong></span> <span class='ocrx_word' id='word_1_50' title='bbox 1148 1502 1184 1565; x_wconf 80' lang='lat' dir='ltr'><strong>et</strong></span> <span class='ocrx_word' id='word_1_51' title='bbox 1213 1498 1351 1565; x_wconf 77' lang='lat' dir='ltr'><strong>Toleta-</strong></span> 
     </span>
    </p>
   </div>
   <div class='ocr_carea' id='block_1_4' title="bbox 288 1603 997 1689">
    <p class='ocr_par' dir='ltr' id='par_1_5' title="bbox 288 1603 997 1689">
     <span class='ocr_line' id='line_1_8' title="bbox 288 1603 997 1689; baseline -0.008 -16"><span class='ocrx_word' id='word_1_52' title='bbox 288 1630 361 1689; x_wconf 87' lang='lat' dir='ltr'><strong>nus‚</strong></span> <span class='ocrx_word' id='word_1_53' title='bbox 377 1613 413 1675; x_wconf 82' lang='lat' dir='ltr'><strong>el</strong></span> <span class='ocrx_word' id='word_1_54' title='bbox 427 1607 461 1676; x_wconf 77' lang='lat' dir='ltr'><strong>S.</strong></span> <span class='ocrx_word' id='word_1_55' title='bbox 477 1608 517 1673; x_wconf 78' lang='lat' dir='ltr'>R</span> <span class='ocrx_word' id='word_1_56' title='bbox 534 1606 710 1673; x_wconf 75' lang='lat' dir='ltr'><strong>Ecclesiae</strong></span> <span class='ocrx_word' id='word_1_57' title='bbox 733 1603 935 1683; x_wconf 80' lang='lat' dir='ltr'><strong>Cerdinolie,</strong></span> <span class='ocrx_word' id='word_1_58' title='bbox 952 1603 997 1687; x_wconf 82' lang='lat'><strong>(4)</strong></span> 
     </span>
    </p>
   </div>
   <div class='ocr_carea' id='block_1_5' title="bbox 287 1721 1352 2226">
    <p class='ocr_par' dir='ltr' id='par_1_6' title="bbox 287 1721 1352 2226">
     <span class='ocr_line' id='line_1_9' title="bbox 329 1721 1350 1805; baseline -0.007 -9"><span class='ocrx_word' id='word_1_59' title='bbox 329 1728 451 1796; x_wconf 82' lang='lat' dir='ltr'>Edidit</span> <span class='ocrx_word' id='word_1_60' title='bbox 466 1727 620 1795; x_wconf 80' lang='lat' dir='ltr'><strong>(loncilie</strong></span> <span class='ocrx_word' id='word_1_61' title='bbox 648 1725 837 1805; x_wconf 66' lang='lat' dir='ltr'><strong>Memnone,</strong></span> <span class='ocrx_word' id='word_1_62' title='bbox 854 1723 973 1790; x_wconf 83' lang='lat' dir='ltr'><strong>eddile</strong></span> <span class='ocrx_word' id='word_1_63' title='bbox 998 1721 1255 1790; x_wconf 85' lang='lat' dir='ltr'><strong>Mexicenorum</strong></span> <span class='ocrx_word' id='word_1_64' title='bbox 1281 1722 1350 1789; x_wconf 85' lang='lat' dir='ltr'><strong>An·</strong></span> 
     </span>
     <span class='ocr_line' id='line_1_10' title="bbox 288 1826 1350 1915; baseline -0.004 -16"><span class='ocrx_word' id='word_1_65' title='bbox 288 1832 436 1899; x_wconf 76' lang='lat' dir='ltr'><strong>tietilum</strong></span> <span class='ocrx_word' id='word_1_66' title='bbox 447 1831 543 1899; x_wconf 83' lang='lat' dir='ltr'><strong>Serie</strong></span> <span class='ocrx_word' id='word_1_67' title='bbox 553 1828 969 1915; x_wconf 82' lang='lat' dir='ltr'><strong>eDioeceeeoscujueque</strong></span> <span class='ocrx_word' id='word_1_68' title='bbox 984 1826 1163 1893; x_wconf 79' lang='lat' dir='ltr'><strong>erectione.</strong></span> <span class='ocrx_word' id='word_1_69' title='bbox 1195 1826 1254 1894; x_wconf 85' lang='lat' dir='ltr'><strong>Ibi</strong></span> <span class='ocrx_word' id='word_1_70' title='bbox 1270 1826 1350 1895; x_wconf 89' lang='lat' dir='ltr'><strong>dnm</strong></span> 
     </span>
     <span class='ocr_line' id='line_1_11' title="bbox 287 1930 1351 2022; baseline -0.003 -22"><span class='ocrx_word' id='word_1_71' title='bbox 287 1934 457 2022; x_wconf 87' lang='lat' dir='ltr'><strong>deprimo</strong></span> <span class='ocrx_word' id='word_1_72' title='bbox 481 1934 661 1999; x_wconf 80' lang='lat' dir='ltr'><strong>Mexioeno</strong></span> <span class='ocrx_word' id='word_1_73' title='bbox 688 1930 972 2017; x_wconf 78' lang='lat' dir='ltr'><strong>Archiepiseopo,</strong></span> <span class='ocrx_word' id='word_1_74' title='bbox 1004 1930 1128 1997; x_wconf 79' lang='lat' dir='ltr'><strong>asserit</strong></span> <span class='ocrx_word' id='word_1_75' title='bbox 1143 1953 1257 1997; x_wconf 87' lang='lat' dir='ltr'><strong>cornm</strong></span> <span class='ocrx_word' id='word_1_76' title='bbox 1273 1930 1351 2017; x_wconf 82' lang='lat' dir='ltr'><strong>ipso</strong></span> 
     </span>
     <span class='ocr_line' id='line_1_12' title="bbox 289 2032 1349 2124; baseline -0.003 -20"><span class='ocrx_word' id='word_1_77' title='bbox 289 2036 491 2124; x_wconf 75' lang='lat' dir='ltr'><strong>apparuisse</strong></span> <span class='ocrx_word' id='word_1_78' title='bbox 508 2036 650 2102; x_wconf 77' lang='lat' dir='ltr'><strong>coelesti</strong></span> <span class='ocrx_word' id='word_1_79' title='bbox 664 2033 823 2124; x_wconf 83' lang='lat' dir='ltr'><strong>prodigio</strong></span> <span class='ocrx_word' id='word_1_80' title='bbox 832 2033 1023 2121; x_wconf 79' lang='lat' dir='ltr'><strong>Imaginem</strong></span> <span class='ocrx_word' id='word_1_81' title='bbox 1039 2032 1349 2121; x_wconf 79' lang='lat' dir='ltr'><strong>Guedelupeneem.</strong></span> 
     </span>
     <span class='ocr_line' id='line_1_13' title="bbox 288 2135 1352 2226; baseline -0.004 -20"><span class='ocrx_word' id='word_1_82' title='bbox 288 2140 343 2207; x_wconf 85' lang='lat' dir='ltr'><strong>En</strong></span> <span class='ocrx_word' id='word_1_83' title='bbox 356 2139 433 2226; x_wconf 81' lang='lat' dir='ltr'><strong>ejus</strong></span> <span class='ocrx_word' id='word_1_84' title='bbox 448 2137 563 2205; x_wconf 76' lang='lat' dir='ltr'><strong>verbo:</strong></span> <span class='ocrx_word' id='word_1_85' title='bbox 593 2137 888 2224; x_wconf 72' lang='lat' dir='ltr'><strong>“Aparecidndoeele</strong></span> <span class='ocrx_word' id='word_1_86' title='bbox 902 2138 936 2202; x_wconf 85' lang='lat' dir='ltr'><strong>la</strong></span> <span class='ocrx_word' id='word_1_87' title='bbox 959 2142 1142 2223; x_wconf 70' lang='lat' dir='ltr'><strong>portentoso</strong></span> <span class='ocrx_word' id='word_1_88' title='bbox 1170 2137 1303 2223; x_wconf 76' lang='lat' dir='ltr'><strong>Imdqen</strong></span> <span class='ocrx_word' id='word_1_89' title='bbox 1314 2135 1352 2203; x_wconf 85' lang='lat' dir='ltr'><strong>dc</strong></span> 
     </span>
    </p>
   </div>
   <div class='ocr_carea' id='block_1_6' title="bbox 288 2241 1350 2435">
    <p class='ocr_par' dir='ltr' id='par_1_7' title="bbox 288 2241 1350 2435">
     <span class='ocr_line' id='line_1_14' title="bbox 288 2241 1350 2330; baseline 0 -19"><span class='ocrx_word' id='word_1_90' title='bbox 288 2247 429 2311; x_wconf 78' lang='lat' dir='ltr'><strong>Nucclra</strong></span> <span class='ocrx_word' id='word_1_91' title='bbox 444 2243 616 2311; x_wconf 62' lang='lat' dir='ltr'><strong>Selorcdc</strong></span> <span class='ocrx_word' id='word_1_92' title='bbox 633 2244 869 2330; x_wconf 78' lang='lat' dir='ltr'><strong>Gundclupeen</strong></span> <span class='ocrx_word' id='word_1_93' title='bbox 880 2245 924 2307; x_wconf 69' lang='grc'><strong>17</strong></span> <span class='ocrx_word' id='word_1_94' title='bbox 935 2243 973 2307; x_wconf 86' lang='lat' dir='ltr'><strong>de</strong></span> <span class='ocrx_word' id='word_1_95' title='bbox 988 2241 1167 2309; x_wconf 77' lang='lat' dir='ltr'><strong>Diciembre</strong></span> <span class='ocrx_word' id='word_1_96' title='bbox 1181 2244 1219 2308; x_wconf 77' lang='lat' dir='ltr'><strong>de</strong></span> <span class='ocrx_word' id='word_1_97' title='bbox 1234 2242 1350 2311; x_wconf 87' lang='lat'>1531.”</span> 
     </span>
     <span class='ocr_line' id='line_1_15' title="bbox 288 2343 1326 2435; baseline 0 -21"><span class='ocrx_word' id='word_1_98' title='bbox 288 2348 366 2415; x_wconf 90' lang='lat' dir='ltr'><strong>Hoc</strong></span> <span class='ocrx_word' id='word_1_99' title='bbox 380 2370 469 2435; x_wconf 81' lang='lat' dir='ltr'><strong>opus</strong></span> <span class='ocrx_word' id='word_1_100' title='bbox 482 2369 565 2435; x_wconf 79' lang='lat' dir='ltr'><strong>pree</strong></span> <span class='ocrx_word' id='word_1_101' title='bbox 581 2346 691 2413; x_wconf 80' lang='lat' dir='ltr'><strong>oculis</strong></span> <span class='ocrx_word' id='word_1_102' title='bbox 706 2346 827 2412; x_wconf 80' lang='lat' dir='ltr'><strong>habeo.</strong></span> <span class='ocrx_word' id='word_1_103' title='bbox 844 2346 930 2434; x_wconf 74' lang='lat' dir='ltr'><strong>Typ.</strong></span> <span class='ocrx_word' id='word_1_104' title='bbox 947 2344 1014 2412; x_wconf 79' lang='lat' dir='ltr'><strong>fuit</strong></span> <span class='ocrx_word' id='word_1_105' title='bbox 1029 2343 1080 2411; x_wconf 88' lang='lat' dir='ltr'><strong>ed</strong></span> <span class='ocrx_word' id='word_1_106' title='bbox 1097 2368 1151 2412; x_wconf 83' lang='lat' dir='ltr'><strong>en.</strong></span> <span class='ocrx_word' id='word_1_107' title='bbox 1169 2346 1261 2414; x_wconf 85' lang='grc'><strong>1769.</strong></span> <span class='ocrx_word' id='word_1_108' title='bbox 1280 2348 1326 2433; x_wconf 86' lang='grc'><strong>(5)</strong></span> 
     </span>
    </p>
   </div>
   <div class='ocr_carea' id='block_1_7' title="bbox 288 2462 1352 3618">
    <p class='ocr_par' dir='ltr' id='par_1_8' title="bbox 288 2462 1352 3176">
     <span class='ocr_line' id='line_1_16' title="bbox 329 2462 1349 2552; baseline 0 -21"><span class='ocrx_word' id='word_1_109' title='bbox 329 2465 411 2552; x_wconf 87' lang='lat' dir='ltr'><strong>Ipee</strong></span> <span class='ocrx_word' id='word_1_110' title='bbox 439 2462 742 2530; x_wconf 81' lang='lat' dir='ltr'><strong>Eminenliseimns</strong></span> <span class='ocrx_word' id='word_1_111' title='bbox 770 2462 970 2528; x_wconf 78' lang='lat' dir='ltr'><strong>Lorenzene</strong></span> <span class='ocrx_word' id='word_1_112' title='bbox 999 2464 1034 2528; x_wconf 85' lang='lat' dir='ltr'><strong>in</strong></span> <span class='ocrx_word' id='word_1_113' title='bbox 1061 2464 1221 2531; x_wconf 87' lang='lat' dir='ltr'><strong>concione</strong></span> <span class='ocrx_word' id='word_1_114' title='bbox 1236 2463 1280 2531; x_wconf 87' lang='lat' dir='ltr'><strong>de</strong></span> <span class='ocrx_word' id='word_1_115' title='bbox 1308 2463 1349 2531; x_wconf 93' lang='lat' dir='ltr'><strong>B.</strong></span> 
     </span>
     <span class='ocr_line' id='line_1_17' title="bbox 288 2565 1350 2654; baseline -0.002 -19"><span class='ocrx_word' id='word_1_116' title='bbox 288 2568 334 2634; x_wconf 73' lang='lat' dir='ltr'><strong>m</strong></span> <span class='ocrx_word' id='word_1_117' title='bbox 365 2568 507 2654; x_wconf 83' lang='lat' dir='ltr'><strong>Virgine</strong></span> <span class='ocrx_word' id='word_1_118' title='bbox 523 2567 566 2633; x_wconf 92' lang='lat' dir='ltr'><strong>de</strong></span> <span class='ocrx_word' id='word_1_119' title='bbox 592 2566 797 2652; x_wconf 77' lang='lat' dir='ltr'><strong>Gnednlupe</strong></span> <span class='ocrx_word' id='word_1_120' title='bbox 823 2586 913 2630; x_wconf 80' lang='lat' dir='ltr'><strong>enno</strong></span> <span class='ocrx_word' id='word_1_121' title='bbox 945 2566 1031 2633; x_wconf 86' lang='grc'><strong>1770</strong></span> <span class='ocrx_word' id='word_1_122' title='bbox 1053 2565 1178 2632; x_wconf 76' lang='lat' dir='ltr'><strong>asserit</strong></span> <span class='ocrx_word' id='word_1_123' title='bbox 1202 2565 1350 2653; x_wconf 79' lang='lat' dir='ltr'><strong>Appeni-</strong></span> 
     </span>
     <span class='ocr_line' id='line_1_18' title="bbox 288 2666 1351 2758; baseline -0.003 -20"><span class='ocrx_word' id='word_1_124' title='bbox 288 2670 400 2738; x_wconf 77' lang='lat' dir='ltr'><strong>tionee</strong></span> <span class='ocrx_word' id='word_1_125' title='bbox 413 2671 586 2758; x_wconf 83' lang='lat' dir='ltr'><strong>Deiperee</strong></span> <span class='ocrx_word' id='word_1_126' title='bbox 600 2668 726 2735; x_wconf 80' lang='lat' dir='ltr'><strong>Joenni</strong></span> <span class='ocrx_word' id='word_1_127' title='bbox 740 2666 885 2747; x_wconf 81' lang='lat' dir='ltr'><strong>Didaco,</strong></span> <span class='ocrx_word' id='word_1_128' title='bbox 916 2674 952 2735; x_wconf 79' lang='lat' dir='ltr'><strong>el</strong></span> <span class='ocrx_word' id='word_1_129' title='bbox 966 2690 1043 2735; x_wconf 77' lang='lat' dir='ltr'><strong>eam</strong></span> <span class='ocrx_word' id='word_1_130' title='bbox 1060 2690 1148 2755; x_wconf 82' lang='lat' dir='ltr'><strong>quce</strong></span> <span class='ocrx_word' id='word_1_131' title='bbox 1179 2669 1270 2735; x_wconf 74' lang='lat' dir='ltr'><strong>facin</strong></span> <span class='ocrx_word' id='word_1_132' title='bbox 1284 2668 1351 2736; x_wconf 74' lang='lat' dir='ltr'><strong>fuit</strong></span> 
     </span>
     <span class='ocr_line' id='line_1_19' title="bbox 288 2777 1351 2865; baseline -0.005 -15"><span class='ocrx_word' id='word_1_133' title='bbox 288 2780 414 2850; x_wconf 80' lang='lat' dir='ltr'><strong>Joonni</strong></span> <span class='ocrx_word' id='word_1_134' title='bbox 442 2778 667 2858; x_wconf 84' lang='lat' dir='ltr'><strong>Bernerdino,</strong></span> <span class='ocrx_word' id='word_1_135' title='bbox 694 2784 798 2864; x_wconf 84' lang='lat' dir='ltr'><strong>etque</strong></span> <span class='ocrx_word' id='word_1_136' title='bbox 827 2780 932 2846; x_wconf 79' lang='lat' dir='ltr'><strong>etiem</strong></span> <span class='ocrx_word' id='word_1_137' title='bbox 957 2777 1125 2865; x_wconf 75' lang='lat' dir='ltr'><strong>Imaginis</strong></span> <span class='ocrx_word' id='word_1_138' title='bbox 1153 2778 1351 2865; x_wconf 78' lang='lat' dir='ltr'><strong>Apporilio-</strong></span> 
     </span>
     <span class='ocr_line' id='line_1_20' title="bbox 288 2879 1351 2971; baseline 0.001 -21"><span class='ocrx_word' id='word_1_139' title='bbox 288 2906 375 2950; x_wconf 85' lang='lat' dir='ltr'><strong>nem</strong></span> <span class='ocrx_word' id='word_1_140' title='bbox 419 2883 521 2949; x_wconf 85' lang='lat' dir='ltr'><strong>Hono</strong></span> <span class='ocrx_word' id='word_1_141' title='bbox 536 2884 730 2947; x_wconf 83' lang='lat' dir='ltr'><strong>concionem</strong></span> <span class='ocrx_word' id='word_1_142' title='bbox 746 2879 862 2948; x_wconf 86' lang='lat' dir='ltr'><strong>videre</strong></span> <span class='ocrx_word' id='word_1_143' title='bbox 876 2881 957 2949; x_wconf 80' lang='lat' dir='ltr'><strong>licet</strong></span> <span class='ocrx_word' id='word_1_144' title='bbox 972 2880 1066 2969; x_wconf 81' lang='lat' dir='ltr'><strong>opud</strong></span> <span class='ocrx_word' id='word_1_145' title='bbox 1093 2880 1271 2966; x_wconf 89' lang='lat' dir='ltr'><strong>anendo‚</strong></span> <span class='ocrx_word' id='word_1_146' title='bbox 1288 2883 1351 2971; x_wconf 88' lang='lat' dir='ltr'><strong>qni</strong></span> 
     </span>
     <span class='ocr_line' id='line_1_21' title="bbox 288 2982 1352 3055; baseline -0.004 0"><span class='ocrx_word' id='word_1_147' title='bbox 288 2985 383 3055; x_wconf 79' lang='lat' dir='ltr'><strong>illem</strong></span> <span class='ocrx_word' id='word_1_148' title='bbox 397 2984 544 3051; x_wconf 79' lang='lat' dir='ltr'><strong>inseruit</strong></span> <span class='ocrx_word' id='word_1_149' title='bbox 557 2984 594 3049; x_wconf 93' lang='lat' dir='ltr'><strong>in</strong></span> <span class='ocrx_word' id='word_1_150' title='bbox 619 3004 682 3049; x_wconf 83' lang='lat' dir='ltr'><strong>sne</strong></span> <span class='ocrx_word' id='word_1_151' title='bbox 695 2982 948 3051; x_wconf 77' lang='lat' dir='ltr'><strong>Dissertatione</strong></span> <span class='ocrx_word' id='word_1_152' title='bbox 974 2983 1139 3050; x_wconf 73' lang='lat' dir='ltr'><strong>historice</strong></span> <span class='ocrx_word' id='word_1_153' title='bbox 1153 2982 1196 3051; x_wconf 85' lang='lat' dir='ltr'><strong>de</strong></span> <span class='ocrx_word' id='word_1_154' title='bbox 1213 2984 1352 3052; x_wconf 79' lang='lat' dir='ltr'><strong>Gunde-</strong></span> 
     </span>
     <span class='ocr_line' id='line_1_22' title="bbox 288 3074 1217 3176; baseline -0.01 -21"><span class='ocrx_word' id='word_1_155' title='bbox 288 3089 424 3176; x_wconf 81' lang='lat' dir='ltr'><strong>lnpenei</strong></span> <span class='ocrx_word' id='word_1_156' title='bbox 439 3086 674 3175; x_wconf 83' lang='lat' dir='ltr'><strong>Apperilione.</strong></span> <span class='ocrx_word' id='word_1_157' title='bbox 693 3088 740 3172; x_wconf 83' lang='grc'><strong>(6)</strong></span> <span class='ocrx_word' id='word_1_158' title='bbox 1206 3074 1217 3093; x_wconf 80' lang='grc'><em>”</em></span> 
     </span>
    </p>

    <p class='ocr_par' dir='ltr' id='par_1_9' title="bbox 288 3213 1351 3618">
     <span class='ocr_line' id='line_1_23' title="bbox 329 3213 1351 3305; baseline 0.002 -22"><span class='ocrx_word' id='word_1_159' title='bbox 329 3216 429 3283; x_wconf 88' lang='lat' dir='ltr'><strong>Idem</strong></span> <span class='ocrx_word' id='word_1_160' title='bbox 440 3216 591 3281; x_wconf 78' lang='lat' dir='ltr'><strong>Emmue</strong></span> <span class='ocrx_word' id='word_1_161' title='bbox 604 3214 804 3282; x_wconf 83' lang='lat' dir='ltr'><strong>Lorenzena</strong></span> <span class='ocrx_word' id='word_1_162' title='bbox 813 3216 906 3303; x_wconf 77' lang='lat' dir='ltr'><strong>typis</strong></span> <span class='ocrx_word' id='word_1_163' title='bbox 916 3213 1025 3283; x_wconf 78' lang='lat' dir='ltr'><strong>edidit</strong></span> <span class='ocrx_word' id='word_1_164' title='bbox 1035 3237 1124 3283; x_wconf 85' lang='lat' dir='ltr'><strong>enno</strong></span> <span class='ocrx_word' id='word_1_165' title='bbox 1136 3217 1231 3297; x_wconf 85' lang='grc'><strong>1770,</strong></span> <span class='ocrx_word' id='word_1_166' title='bbox 1248 3239 1351 3305; x_wconf 78' lang='lat' dir='ltr'><strong>qnes-</strong></span> 
     </span>
     <span class='ocr_line' id='line_1_24' title="bbox 288 3316 1348 3408; baseline 0.003 -23"><span class='ocrx_word' id='word_1_167' title='bbox 288 3318 367 3385; x_wconf 81' lang='lat' dir='ltr'><strong>dnm</strong></span> <span class='ocrx_word' id='word_1_168' title='bbox 381 3318 548 3406; x_wconf 74' lang='lat' dir='ltr'><strong>epistolas</strong></span> <span class='ocrx_word' id='word_1_169' title='bbox 576 3316 784 3384; x_wconf 79' lang='lat' dir='ltr'><strong>Fordinendi</strong></span> <span class='ocrx_word' id='word_1_170' title='bbox 799 3318 931 3399; x_wconf 73' lang='lat' dir='ltr'><strong>(lorice,</strong></span> <span class='ocrx_word' id='word_1_171' title='bbox 948 3318 1009 3405; x_wconf 90' lang='lat' dir='ltr'><strong>qui</strong></span> <span class='ocrx_word' id='word_1_172' title='bbox 1038 3318 1108 3385; x_wconf 82' lang='lat' dir='ltr'><strong>dux</strong></span> <span class='ocrx_word' id='word_1_173' title='bbox 1122 3319 1348 3408; x_wconf 79' lang='lat' dir='ltr'><strong>hispanorum</strong></span> 
     </span>
     <span class='ocr_line' id='line_1_25' title="bbox 288 3423 1351 3515; baseline 0.006 -26"><span class='ocrx_word' id='word_1_174' title='bbox 288 3423 355 3490; x_wconf 79' lang='lat' dir='ltr'><strong>fuit</strong></span> <span class='ocrx_word' id='word_1_175' title='bbox 368 3423 405 3489; x_wconf 93' lang='lat' dir='ltr'><strong>in</strong></span> <span class='ocrx_word' id='word_1_176' title='bbox 419 3424 549 3490; x_wconf 83' lang='lat' dir='ltr'><strong>Mexioi</strong></span> <span class='ocrx_word' id='word_1_177' title='bbox 568 3424 808 3503; x_wconf 73' lang='lat' dir='ltr'><strong>debellatione,</strong></span> <span class='ocrx_word' id='word_1_178' title='bbox 838 3447 994 3512; x_wconf 79' lang='lat' dir='ltr'><strong>quaeque</strong></span> <span class='ocrx_word' id='word_1_179' title='bbox 1025 3426 1069 3493; x_wconf 85' lang='lat' dir='ltr'><strong>ed</strong></span> <span class='ocrx_word' id='word_1_180' title='bbox 1084 3427 1268 3515; x_wconf 79' lang='lat' dir='ltr'><strong>hispanum</strong></span> <span class='ocrx_word' id='word_1_181' title='bbox 1282 3427 1351 3494; x_wconf 90' lang='lat' dir='ltr'><strong>Re-</strong></span> 
     </span>
     <span class='ocr_line' id='line_1_26' title="bbox 289 3526 1351 3618; baseline 0.004 -25"><span class='ocrx_word' id='word_1_182' title='bbox 289 3550 365 3615; x_wconf 83' lang='lat' dir='ltr'><strong>gem</strong></span> <span class='ocrx_word' id='word_1_183' title='bbox 374 3528 522 3617; x_wconf 66' lang='lat' dir='ltr'><strong>scripsit</strong></span> <span class='ocrx_word' id='word_1_184' title='bbox 549 3527 600 3595; x_wconf 78' lang='lat' dir='ltr'><strong>Ul</strong></span> <span class='ocrx_word' id='word_1_185' title='bbox 615 3532 729 3594; x_wconf 79' lang='lat' dir='ltr'><strong>aulem</strong></span> <span class='ocrx_word' id='word_1_186' title='bbox 738 3526 818 3593; x_wconf 84' lang='lat' dir='ltr'><strong>illne</strong></span> <span class='ocrx_word' id='word_1_187' title='bbox 830 3526 998 3615; x_wconf 72' lang='lat' dir='ltr'><strong>epistolae</strong></span> <span class='ocrx_word' id='word_1_188' title='bbox 1007 3528 1107 3597; x_wconf 76' lang='lat' dir='ltr'><strong>focile</strong></span> <span class='ocrx_word' id='word_1_189' title='bbox 1118 3529 1351 3618; x_wconf 72' lang='lat' dir='ltr'><strong>intelligeren-</strong></span> 
     </span>
    </p>
   </div>
   <div class='ocr_carea' id='block_1_8' title="bbox 289 3682 418 3695">
    <p class='ocr_par' dir='ltr' id='par_1_10' title="bbox 289 3682 418 3695">
     <span class='ocr_line' id='line_1_27' title="bbox 289 3682 418 3695; baseline 0 -2"><span class='ocrx_word' id='word_1_190' title='bbox 289 3682 418 3695; x_wconf 68' lang='lat'><strong>0-—</strong></span> 
     </span>
    </p>
   </div>
   <div class='ocr_carea' id='block_1_9' title="bbox 330 3772 1350 4248">
    <p class='ocr_par' dir='ltr' id='par_1_11' title="bbox 330 3772 1268 3853">
     <span class='ocr_line' id='line_1_28' title="bbox 330 3772 1268 3853; baseline 0.004 -20"><span class='ocrx_word' id='word_1_191' title='bbox 330 3773 375 3853; x_wconf 82' lang='lat'><strong>(1)</strong></span> <span class='ocrx_word' id='word_1_192' title='bbox 411 3772 569 3845; x_wconf 81' lang='lat' dir='ltr'><strong>Beristain,</strong></span> <span class='ocrx_word' id='word_1_193' title='bbox 585 3772 706 3832; x_wconf 80' lang='lat' dir='ltr'><strong>Bibliot.</strong></span> <span class='ocrx_word' id='word_1_194' title='bbox 722 3783 778 3832; x_wconf 70' lang='lat' dir='ltr'><strong>arc</strong></span> <span class='ocrx_word' id='word_1_195' title='bbox 796 3772 967 3853; x_wconf 84' lang='lat' dir='ltr'><strong>Rodriguez</strong></span> <span class='ocrx_word' id='word_1_196' title='bbox 982 3776 1028 3835; x_wconf 86' lang='lat' dir='ltr'><strong>Fr.</strong></span> <span class='ocrx_word' id='word_1_197' title='bbox 1044 3777 1118 3853; x_wconf 69' lang='lat' dir='ltr'><strong>Jose</strong></span> <span class='ocrx_word' id='word_1_198' title='bbox 1134 3776 1268 3837; x_wconf 82' lang='lat' dir='ltr'><strong>Manuel.</strong></span> 
     </span>
    </p>

    <p class='ocr_par' dir='ltr' id='par_1_12' title="bbox 331 3871 653 3949">
     <span class='ocr_line' id='line_1_29' title="bbox 331 3871 653 3949; baseline 0 -18"><span class='ocrx_word' id='word_1_199' title='bbox 331 3873 376 3949; x_wconf 68' lang='grc' dir='ltr'><strong>(ι)</strong></span> <span class='ocrx_word' id='word_1_200' title='bbox 419 3873 457 3933; x_wconf 92' lang='lat' dir='ltr'><strong>Id</strong></span> <span class='ocrx_word' id='word_1_201' title='bbox 472 3884 517 3933; x_wconf 84' lang='lat' dir='ltr'><strong>est</strong></span> <span class='ocrx_word' id='word_1_202' title='bbox 531 3871 653 3931; x_wconf 68' lang='lat' dir='ltr'><strong>Mlxico.</strong></span> 
     </span>
    </p>

    <p class='ocr_par' dir='ltr' id='par_1_13' title="bbox 330 3968 1267 4051">
     <span class='ocr_line' id='line_1_30' title="bbox 330 3968 1267 4051; baseline 0.005 -20"><span class='ocrx_word' id='word_1_203' title='bbox 330 3971 374 4049; x_wconf 84' lang='lat'><strong>(3)</strong></span> <span class='ocrx_word' id='word_1_204' title='bbox 411 3970 565 4043; x_wconf 87' lang='lat' dir='ltr'><strong>Beristain,</strong></span> <span class='ocrx_word' id='word_1_205' title='bbox 585 3969 703 4030; x_wconf 76' lang='lat' dir='ltr'><strong>Bibliot.</strong></span> <span class='ocrx_word' id='word_1_206' title='bbox 722 3980 775 4031; x_wconf 83' lang='lat' dir='ltr'><strong>art.</strong></span> <span class='ocrx_word' id='word_1_207' title='bbox 792 3968 964 4048; x_wconf 82' lang='lat' dir='ltr'><strong>Rodriguez</strong></span> <span class='ocrx_word' id='word_1_208' title='bbox 979 3973 1025 4033; x_wconf 82' lang='lat' dir='ltr'><strong>Fr.</strong></span> <span class='ocrx_word' id='word_1_209' title='bbox 1042 3972 1115 4051; x_wconf 70' lang='lat' dir='ltr'><strong>Jose</strong></span> <span class='ocrx_word' id='word_1_210' title='bbox 1131 3975 1267 4036; x_wconf 85' lang='lat' dir='ltr'><strong>Manucl.</strong></span> 
     </span>
    </p>

    <p class='ocr_par' dir='ltr' id='par_1_14' title="bbox 330 4068 1141 4151">
     <span class='ocr_line' id='line_1_31' title="bbox 330 4068 1141 4151; baseline 0.006 -21"><span class='ocrx_word' id='word_1_211' title='bbox 330 4072 375 4151; x_wconf 82' lang='lat'><strong>(4)</strong></span> <span class='ocrx_word' id='word_1_212' title='bbox 418 4068 575 4142; x_wconf 84' lang='lat' dir='ltr'><strong>Beristnin,</strong></span> <span class='ocrx_word' id='word_1_213' title='bbox 592 4068 711 4129; x_wconf 88' lang='lat' dir='ltr'><strong>Bibliot.</strong></span> <span class='ocrx_word' id='word_1_214' title='bbox 726 4081 780 4129; x_wconf 79' lang='lat' dir='ltr'><strong>art.</strong></span> <span class='ocrx_word' id='word_1_215' title='bbox 797 4071 1002 4149; x_wconf 86' lang='lat' dir='ltr'><strong>Lorenzanay</strong></span> <span class='ocrx_word' id='word_1_216' title='bbox 1018 4074 1141 4135; x_wconf 86' lang='lat' dir='ltr'><strong>Butron.</strong></span> 
     </span>
    </p>

    <p class='ocr_par' dir='ltr' id='par_1_15' title="bbox 331 4168 1350 4248">
     <span class='ocr_line' id='line_1_32' title="bbox 331 4168 1350 4248; baseline 0.006 -20"><span class='ocrx_word' id='word_1_217' title='bbox 331 4170 374 4248; x_wconf 86' lang='lat'><strong>(5)</strong></span> <span class='ocrx_word' id='word_1_218' title='bbox 417 4170 516 4229; x_wconf 81' lang='lat' dir='ltr'><strong>Etiam</strong></span> <span class='ocrx_word' id='word_1_219' title='bbox 530 4168 668 4227; x_wconf 85' lang='lat' dir='ltr'><strong>landatur</strong></span> <span class='ocrx_word' id='word_1_220' title='bbox 681 4168 828 4246; x_wconf 85' lang='lat' dir='ltr'><strong>hocopus</strong></span> <span class='ocrx_word' id='word_1_221' title='bbox 842 4169 880 4228; x_wconf 85' lang='lat' dir='ltr'><strong>ab</strong></span> <span class='ocrx_word' id='word_1_222' title='bbox 891 4168 1074 4233; x_wconf 86' lang='lat' dir='ltr'><strong>auctoribus.</strong></span> <span class='ocrx_word' id='word_1_223' title='bbox 1092 4173 1126 4232; x_wconf 93' lang='lat' dir='ltr'><strong>V.</strong></span> <span class='ocrx_word' id='word_1_224' title='bbox 1144 4170 1249 4239; x_wconf 84' lang='lat' dir='ltr'><strong>Guridi</strong></span> <span class='ocrx_word' id='word_1_225' title='bbox 1262 4174 1350 4242; x_wconf 73' lang='lat' dir='ltr'><strong>Alco</strong></span> 
     </span>
    </p>
   </div>
   <div class='ocr_carea' id='block_1_10' title="bbox 285 4272 1071 4464">
    <p class='ocr_par' dir='ltr' id='par_1_16' title="bbox 285 4272 1071 4464">
     <span class='ocr_line' id='line_1_33' title="bbox 285 4272 1071 4357; baseline 0.005 -21"><span class='ocrx_word' id='word_1_226' title='bbox 285 4296 341 4351; x_wconf 68' lang='lat' dir='ltr'><strong>eet,</strong></span> <span class='ocrx_word' id='word_1_227' title='bbox 353 4277 482 4355; x_wconf 78' lang='lat' dir='ltr'><strong>Apolog.</strong></span> <span class='ocrx_word' id='word_1_228' title='bbox 499 4274 537 4335; x_wconf 88' lang='lat' dir='ltr'><strong>de</strong></span> <span class='ocrx_word' id='word_1_229' title='bbox 551 4274 580 4334; x_wconf 81' lang='lat' dir='ltr'><strong>la</strong></span> <span class='ocrx_word' id='word_1_230' title='bbox 594 4272 765 4352; x_wconf 84' lang='lat' dir='ltr'><strong>Aparicion,</strong></span> <span class='ocrx_word' id='word_1_231' title='bbox 781 4286 850 4351; x_wconf 73' lang='lat' dir='ltr'><strong>etc,</strong></span> <span class='ocrx_word' id='word_1_232' title='bbox 866 4294 931 4357; x_wconf 84' lang='lat' dir='ltr'><strong>cap.</strong></span> <span class='ocrx_word' id='word_1_233' title='bbox 952 4292 996 4354; x_wconf 83' lang='lat'><strong>15,</strong></span> <span class='ocrx_word' id='word_1_234' title='bbox 1015 4278 1030 4353; x_wconf 65' lang='grc' dir='ltr'><strong>ἓ</strong></span> <span class='ocrx_word' id='word_1_235' title='bbox 1048 4298 1071 4341; x_wconf 80' lang='grc' dir='ltr'><strong>ι.</strong></span> 
     </span>
     <span class='ocr_line' id='line_1_34' title="bbox 328 4379 752 4464; baseline 0.007 -4"><span class='ocrx_word' id='word_1_236' title='bbox 328 4379 372 4460; x_wconf 83' lang='lat'><strong>(⁶)</strong></span> <span class='ocrx_word' id='word_1_237' title='bbox 413 4381 505 4443; x_wconf 82' lang='lat' dir='ltr'><strong>Tom.</strong></span> <span class='ocrx_word' id='word_1_238' title='bbox 523 4400 551 4461; x_wconf 70' lang='lat'><strong>2,</strong></span> <span class='ocrx_word' id='word_1_239' title='bbox 568 4400 633 4461; x_wconf 69' lang='lat' dir='ltr'><strong>cap·</strong></span> <span class='ocrx_word' id='word_1_240' title='bbox 651 4402 678 4464; x_wconf 61' lang='lat'><strong>9,</strong></span> <span class='ocrx_word' id='word_1_241' title='bbox 695 4384 752 4463; x_wconf 74' lang='lat'><strong>§4</strong></span> 
     </span>
    </p>
   </div>
   <div class='ocr_carea' id='block_1_11' title="bbox 0 0 1818 5217">
    <p class='ocr_par' dir='ltr' id='par_1_17' title="bbox 0 0 1818 5217">
     <span class='ocr_line' id='line_1_35' title="bbox 0 0 1818 5217; baseline 0 0"><span class='ocrx_word' id='word_1_242' title='bbox 0 0 1818 5217; x_wconf 95' lang='lat' dir='ltr'><strong> </strong></span> 
     </span>
    </p>
   </div>
  </div>
 </body>
</html>
