3625 5217
955 566 1019 635 238

479 740 530 807 tet
544 744 673 826 quanta
687 738 793 806 fuant
807 739 877 806 illis
892 738 1109 827 temporibus
1125 740 1247 828 pietas,
1264 747 1299 809 et
1310 734 1449 808 devotio
1464 752 1544 828 erga

473 846 518 911 ‘B.
534 846 574 911 V.
593 845 633 908 lll.
650 842 694 909 de
716 842 933 931 Guadalupe.

520 946 622 1029 Quod
636 943 793 1030 sequitur
808 950 1044 1031 argumentum
1072 944 1355 1031 approbationem
1386 948 1542 1009 constan·

479 1056 547 1115 tem
562 1047 714 1114 ostendit
728 1048 983 1114 Mexicanorum
1000 1047 1357 1134 Archiepiscoporum,
1385 1052 1457 1111 tum
1473 1047 1541 1133 Ap·

478 1151 669 1239 paritionis,
686 1156 759 1216 tum
775 1154 878 1217 etiam
894 1152 1008 1217 cultus
1033 1151 1072 1217 B.
1088 1151 1134 1216 M.
1152 1150 1191 1217 V.
1207 1150 1250 1217 de
1277 1150 1482 1236 Guadalupe
1498 1148 1542 1215 ab

478 1254 564 1342 ipsis
579 1246 796 1341 temporibus
811 1254 1050 1341 Apparitiouis
1068 1278 1177 1341 usque
1194 1254 1237 1321 ad
1255 1276 1381 1319 annum
1397 1253 1492 1331 1629,
1508 1258 1543 1317 et

477 1357 648 1443 deinceps
665 1358 806 1425 Dictum
828 1356 895 1423 fuit
911 1364 1012 1424 antea
1026 1358 1061 1425 in
1092 1359 1169 1446 ipsa
1183 1358 1308 1425 Sacrae
1325 1357 1492 1444 Imaginia
1507 1354 1542 1419 in

477 1458 739 1545 Tepeyaquensi
751 1457 896 1545 Templo
912 1458 1136 1525 collocatione
1150 1459 1362 1524 mexicanum
1374 1457 1417 1524 de
1430 1457 1495 1522 hac
1507 1478 1542 1521 re

477 1559 641 1646 hymnum
656 1559 784 1625 dixisse
799 1559 840 1624 D.
857 1558 1079 1624 Franciscum
1096 1558 1287 1624 Placidum:
1302 1563 1493 1645 praeterea,
1511 1561 1542 1622 in

477 1662 635 1747 juridicia
644 1662 863 1740 testimoniis,
889 1682 1035 1746 quorum
1060 1682 1228 1727 summam
1244 1662 1343 1727 affert
1354 1660 1391 1726 P.
1404 1660 1543 1727 Floren-

478 1767 540 1845 cia,
553 1766 704 1833 habetur
718 1766 812 1851 quod
826 1766 871 1831 D.
885 1764 1016 1830 Paulus
1032 1765 1178 1839 Xuarez,
1193 1765 1292 1831 testis
1302 1764 1542 1851 interrogatus,

478 1868 626 1935 asseruit
650 1868 912 1955 Apparitionem
929 1867 968 1932 B.
990 1866 1031 1931 M.
1049 1866 1087 1931 V.
1114 1866 1157 1933 de
1174 1865 1390 1953 Guadalupe,
1422 1870 1542 1953 utpote

479 1972 653 2059 publicam
676 1976 711 2035 et
727 1970 906 2047 notoriam,
924 1992 944 2033 a
960 1967 1077 2056 pueris
1093 1967 1280 2046 decantari3
1309 1969 1356 2049 (1)
1374 1974 1477 2053 atque
1492 1966 1542 2032 uti

478 2076 623 2142 affirmat
651 2072 842 2149 Florencia,
861 2074 907 2155 (2)
937 2094 1014 2137 cum
1041 2071 1076 2136 in
1106 2071 1370 2158 Tepeyaquenai
1399 2068 1543 2156 Templo

478 2180 604 2245 testum
634 2176 673 2241 Β.
691 2175 736 2239 Μ.
756 2175 793 2237 ν,
823 2175 866 2240 de
893 2174 1099 2261 Guadalupe
1124 2174 1374 2251 celebrabatur,
1406 2170 1542 2260 hymnis

479 2283 662 2349 mexicanis
677 2277 922 2366 Apparitiones
938 2277 1074 2365 publice
1102 2277 1146 2342 ab
1162 2276 1253 2343 indis
1268 2282 1347 2343 aute
1361 2274 1542 2362 Templum

478 2383 599 2450 festive
614 2380 853 2458 narrabantur;
879 2403 1011 2446 necnon
1032 2386 1066 2446 et
1089 2380 1237 2445 Becerra
1247 2380 1362 2445 Tauro
1376 2380 1422 2464 (1)
1439 2402 1476 2445 se
1492 2378 1542 2466 ip-

478 2510 555 2553 sum
570 2483 723 2551 audivisc
739 2484 860 2548 asserit
874 2484 1039 2569 hymnum
1052 2484 1312 2571 Apparitionem
1329 2488 1542 2549 enarrantem

478 2585 653 2652 decantari
664 2583 802 2670 qnando
812 2584 850 2648 B.
865 2584 911 2649 M.
928 2586 966 2651 V.
982 2586 1025 2651 de
1039 2586 1241 2673 Guadalupe
1255 2586 1405 2652 solemne
1418 2585 1542 2652 festum

479 2686 718 2756 celebrabatur
732 2685 767 2752 iu
783 2686 927 2775 Templo
942 2688 1212 2776 Tepeyaquensi
1250 2692 1343 2757 Dum
1359 2692 1424 2757 hoc
1440 2690 1543 2757 fiebat

480 2814 587 2878 prope
600 2790 773 2856 civitatem
785 2790 1133 2879 archiepiscopalem,
1146 2794 1241 2861 nullo
1251 2794 1454 2861 Antistitum
1467 2818 1543 2882 pro·

423 2910 428 2918 ’
480 2902 629 2980 bibente,
646 2907 682 2966 et
693 2900 848 2978 maxime,
861 2901 942 2967 dum
956 2904 1146 2971 Concilium
1161 2906 1378 2973 Musicanum
1396 2906 1541 2993 primum

479 3008 648 3071 statuerat
678 3026 720 3069 ne
750 3003 881 3089 aliquid
909 3012 1045 3073 cantare
1062 3007 1153 3075 indis
1183 3010 1449 3097 permitteretur,
1477 3008 1542 3075 nisi

479 3112 577 3198 priua
592 3134 612 3175 a
623 3109 795 3196 religiosis
808 3110 899 3189 siris,
913 3118 949 3177 et
960 3134 1077 3177 eorum
1091 3113 1228 3200 linguae
1243 3113 1374 3200 peritis,
1391 3136 1480 3199 quae
1492 3136 1542 3179 ca·

481 3218 602 3280 nerent
616 3212 901 3300 approbarentur;
917 3214 1056 3301 planum
1073 3222 1126 3281 est
1142 3217 1252 3304 ipsam
1270 3216 1542 3304 antiquissimam

481 3319 614 3406 praxim
631 3317 877 3405 Apparitionea
892 3320 1178 3409 Guadalupenses
1194 3324 1316 3391 festive
1346 3326 1543 3414 Tepeyacac

480 3425 684 3495 decantandi
697 3425 979 3513 approbationem
991 3430 1171 3496 ostendere
1184 3430 1454 3497 Ordinariorum.
1499 3432 1543 3499 Et

482 3532 546 3596 hoc
561 3554 630 3597 non
654 3528 756 3595 modo
783 3550 893 3614 usque
920 3530 963 3596 ad
980 3554 1104 3599 annum
1140 3534 1229 3613 1629,
1255 3555 1324 3621 quo
1340 3534 1442 3601 Sacra
1457 3536 1544 3601 Ima-

480 3656 524 3719 go
539 3631 710 3697 Mericnm
722 3628 788 3694 fuit
799 3628 924 3709 delata,
938 3631 999 3697 sed
1012 3632 1116 3699 etiam
1129 3632 1305 3723 deinceps:
1321 3660 1408 3715 nam,
1426 3640 1477 3705 uti
1494 3662 1543 3705 m·

482 3732 715 3801 ierthbrera
743 3730 919 3814 Quintero,
939 3734 985 3815 (4)
1016 3734 1135 3801 eadem
1166 3736 1447 3825 Guadalupensis
1477 3740 1544 3827 Ap·

524 3926 569 4001 (ι)
612 3922 1343 4005 EstrelladelNortedellle'xicO,cap.13,§r,
1373 3950 1457 3993 num.
1488 3944 1542 3993 111.

524 4027 570 4100 (2)
614 4024 661 4081 lb.
675 4040 741 4100 cap.
762 4040 807 4099 15,
825 4040 911 4082 num.
933 4040 998 4100 195,
1019 4026 1074 4100 196
1090 4034 1120 4085 et
1136 4044 1196 4101 seq.

525 4124 570 4199 (3)
614 4120 769 4182 Felicidad
783 4122 823 4181 de
839 4120 959 4181 Mtxico
975 4142 1012 4183 eo
1029 4124 1056 4181 la
1070 4122 1235 4187 admirable
1249 4126 1410 4205 Aparicion
1425 4142 1473 4191 etc
1485 4176 1493 4203 ,
1507 4132 1549 4191 r'tr'

486 4228 634 4289 Prutbase
649 4228 676 4286 la
690 4225 847 4289 tradition.

524 4328 569 4411 (4)
613 4326 736 4389 Escudo
750 4327 789 4389 de
804 4330 916 4390 Arnas
930 4328 968 4389 de
986 4328 1117 4403 beico,
1135 4330 1182 4392 lib.
1199 4350 1227 4411 3,
1240 4350 1304 4415 cap.
1326 4334 1371 4405 18,
1389 4352 1419 4394 n.
1438 4337 1505 4413 716.
