3625 5217
449 876 517 954 tur,
531 870 660 960 quibus
673 868 716 939 B.
731 868 775 937 M.
800 868 841 941 V.
857 870 1001 959 ejusque
1016 866 1186 960 Imaginis
1213 867 1258 937 de

450 975 655 1065 Guadaiupa
670 974 916 1062 apparitiones
927 973 1207 1062 comprobantur.
1223 1026 1250 1040 ..

410 1080 731 1151 PROTESTATIO
738 1131 1254 1151 .........................

410 1184 464 1253 De
478 1207 601 1274 genere
630 1190 905 1273 argumentorum
930 1186 1057 1275 quibus
1086 1182 1260 1253 Gnsdalu·

452 1288 570 1377 pensis
584 1289 767 1377 Apparitio
795 1290 964 1377 probatur
971 1340 1252 1357 ..............

410 1396 659 1461 Asarinum
672 1390 997 1459 emnam-Veritas
1011 1388 1261 1476 Guadaiupen·'

453 1497 503 1564 sis
516 1494 755 1584 Apparitionis
765 1495 1020 1561 demonstretur
1034 1516 1077 1561 ex
1093 1492 1261 1579 antiquis-

453 1600 542 1667 sima
556 1596 802 1666 consuetudine
817 1596 913 1662 illam
928 1595 1114 1663 mexicanis
1124 1588 1262 1683 hymnis

453 1701 635 1771 enarrandi
664 1701 747 1768 dum
774 1701 812 1766 in
826 1699 1088 1789 Tepeyaquensi
1117 1700 1261 1788 Templo

452 1804 698 1884 celebrabatur,
723 1825 856 1871 necnon
880 1802 1066 1890 aliquando
1096 1802 1200 1870 etiam
1226 1802 1262 1869 in

454 1908 581 1977 Maxiei
602 1908 687 1974 urbe
696 1958 1253 1975 ...........................

411 2034 652 2101 Amoueamus
677 2030 1044 2099 sucurram-Veritas
1067 2031 1263 2119 Apparitio·

454 2136 509 2203 nis
524 2136 717 2205 ostenditur
732 2158 773 2204 ex
794 2134 1001 2224 quibusdam
1014 2133 1263 2221 antiquissimis

454 2240 702 2319 instrumentis,
717 2241 853 2328 quibus,
876 2240 959 2306 dum
974 2239 1089 2307 uultus
1103 2240 1142 2306 B.
1159 2239 1205 2306 M.
1222 2238 1262 2307 V.

455 2351 497 2418 de
513 2349 717 2439 Guadalupe
732 2350 876 2430 fovetur,
892 2349 998 2417 etiam
1014 2349 1181 2417 asseritur
1194 2350 1264 2438 Ap-

1321 779 1405 865 Pae,

1342 971 1386 1041 84

1341 1078 1387 1147 ib.
1470 1148 1473 1157 ,

1346 1285 1389 1389 ss

456 2462 583 2551 paritio
591 2511 1254 2529 ................................
1373 2507 1381 2525 2

411 2568 651 2635 Ammona
664 2564 1007 2633 nnuman-Veritas
1023 2564 1261 2653 Apparitionis

455 2678 733 2767 Guadalupensis
748 2679 915 2767 probatur
930 2701 973 2745 ex
985 2678 1129 2766 mappis,
1146 2682 1181 2744 et
1195 2676 1266 2765 pio·

456 2783 553 2860 turis,
580 2787 617 2850 et
630 2782 698 2870 piis
726 2782 950 2864 dramatibus‚
967 2782 1095 2869 quibus
1109 2780 1171 2847 illa
1185 2785 1264 2848 ante

456 2890 575 2957 oeulos
590 2888 782 2979 ponebatur
802 2894 838 2955 et
866 2888 1073 2955 narrabatur
1082 2940 1258 2955 .........

413 3013 652 3079 ΑΜΠΜΕΝΤΠΜ
666 3009 923 3085 aemma-nx
939 3007 1133 3076 Annalibus
1148 3007 1263 3096 publi-

456 3138 574 3183 oorum
602 3121 796 3195 eventuum,
813 3115 850 3182 in
875 3113 1062 3201 quibusda
1092 3113 1267 3181 Guadalu-
1302 3158 1306 3166 -

455 3220 555 3307 pensi
566 3218 791 3309 Apparitione
804 3217 1095 3297 mentiebabetur‚
1110 3218 1185 3303 ipsa
1199 3218 1267 3305 Ap-

307 3380 313 3394 .
457 3322 584 3411 paritio
605 3322 774 3411 probatur
782 3372 1257 3389 .......................

414 3427 654 3493 Amoueamus
667 3426 1013 3502 sumnum-Veritas
1028 3424 1266 3515 Apparitionis

458 3530 497 3596 B.
530 3531 573 3595 Μ.
589 3530 628 3596 V.
645 3530 688 3597 de
718 3529 923 3619 Guadalupe
953 3530 1196 3618 comprobatur
1226 3552 1268 3595 ex

456 3627 553 3695 illius
567 3628 741 3709 historica,
757 3633 793 3697 et
807 3628 1048 3716 antiquissima
1061 3628 1266 3697 Narratione

459 3731 634 3799 mexicano
663 3754 819 3799 sermone
827 3782 1258 3801 .....................

416 3834 587 3919 Quamne
601 3826 961 3904 msTomoa—Ut'rum
976 3859 1045 3903 una
1059 3840 1264 3904 tantummo-

459 3936 515 4015 do,
528 3960 574 4005 an
587 3938 705 4027 plures
724 3940 903 4008 extiterint
929 3938 1195 4029 apparitionum
1209 3939 1249 4005 Β.

461 4044 508 4141 Μ.
521 4042 560 4111 V.
578 4043 621 4110 de
636 4042 841 4132 Guadalupe
870 4044 1095 4111 Narrationes
1114 4042 1263 4111 mexica-

459 4165 524 4212 nae
532 4194 1260 4214 ...................................

418 4250 663 4318 Ausonum
684 4248 1071 4329 ausuum-Multitudo,
1087 4252 1122 4317 et
1133 4246 1268 4339 sapien·

459 4358 510 4429 tia
523 4358 739 4449 scriptorum,
768 4358 1030 4450 apparitionem
1051 4359 1092 4429 B.
1105 4356 1154 4427 Μ.
1169 4355 1210 4428 V.
1226 4356 1270 4425 de

1331 3732 1394 3799 102
