3625 5217
966 526 1030 593 202

451 697 536 788 Typ.
553 699 605 767 60.
637 698 877 766 Guadalaxara
905 698 1103 765 66661884.
1148 698 1237 767 Prae
1263 700 1371 766 oculis
1400 696 1514 765 habeo

451 804 630 894 hocopus,
646 808 683 873 in
697 829 767 893 quo
789 808 1028 895 Apparitionis
1044 810 1171 877 veritas
1186 812 1286 898 plane
1303 810 1514 878 demonstra·

452 914 516 975 tur.

495 1081 567 1148 119.
624 1083 709 1149 Cum
733 1082 789 1148 his
804 1084 1019 1170 temporibus
1034 1084 1221 1171 plurimum
1237 1085 1420 1153 invaluerit
1435 1106 1515 1150 cen·

450 1184 597 1251 suetudo
611 1186 753 1252 statutis
767 1184 891 1252 diebus
906 1186 978 1253 sive
995 1186 1037 1251 06
1065 1187 1255 1275 Religione,
1286 1190 1357 1255 eive
1373 1187 1416 1254 de
1433 1186 1513 1253 aliis

452 1288 615 1367 scientiis,
631 1287 703 1355 sive
719 1287 762 1354 06
777 1289 881 1354 rebus
894 1288 1043 1375 publicis
1053 1291 1147 1378 typis
1159 1292 1290 1379 scriptu
1300 1292 1411 1371 60666,
1425 1312 1514 1378 quae

451 1389 555 1458 etium
571 1390 608 1455 in
622 1390 797 1457 volumina
825 1390 1038 1478 rediguntur,
1055 1392 1091 1457 in
1120 1394 1176 1459 his
1205 1417 1345 1481 quoque
1374 1392 1515 1481 seriptis

452 1492 602 1581 publicis
611 1492 653 1571 de
668 1492 895 1580 Apparitione
911 1494 950 1558 B.
968 1494 1014 1559 M.
1026 1494 1065 1561 V.
1082 1494 1125 1561 06
1138 1496 1341 1585 Gnadelupe
1357 1497 1515 1583 frequen-

452 1603 505 1663 ter
520 1600 694 1662 tractatur.
741 1596 785 1663 st
800 1601 987 1683 praeterea,
1018 1598 1096 1685 quis
1126 1622 1306 1668 numerare
1336 1600 1464 1688 poterit
1479 1604 1515 1667 et

452 1729 558 1797 parva
572 1714 738 1792 poemata,
755 1714 790 1775 et
805 1730 911 1795 parva
927 1708 1102 1794 opuscula,
1119 1709 1246 1797 quibus
1262 1708 1305 1774 de
1318 1704 1515 1795 Apparitio·

451 1834 494 1877 ne
510 1812 546 1877 B.
564 1810 606 1874 M.
627 1810 664 1876 V.
680 1810 723 1875 de
740 1811 942 1897 Guadalupe
967 1815 1079 1898 agitur
1094 1836 1136 1880 ex
1167 1812 1339 1900 professo?
1385 1811 1435 1875 Ex
1447 1808 1513 1887 his,

452 1915 650 2001 plusquam
676 1915 780 1980 10000
805 1916 949 2002 exempi
974 1922 1044 2003 typ.
1081 1916 1161 1983 edit.
1193 1938 1303 2002 nuper
1328 1912 1515 1980 distribute

450 2016 545 2084 fuere
561 2017 599 2081 in
612 2018 750 2103 populo,
780 2018 867 2083 etin
881 2018 966 2083 urbe
986 2020 1119 2097 Morini,
1151 2024 1187 2086 et
1201 2020 1238 2085 in
1254 2018 1392 2084 civitate
1425 2016 1514 2083 Gua-

451 2119 645 2199 dalaxarae,
662 2142 767 2185 causa
780 2120 861 2185 festi
877 2120 946 2185 diei
962 2123 1003 2187 12
1019 2122 1228 2188 Decembris

494 2223 564 2291 Sed
593 2246 661 2289 non
676 2228 731 2288 est
744 2222 845 2289 facile
874 2224 1071 2291 mexicanos
1103 2246 1222 2291 omnes
1251 2223 1370 2309 quide
1397 2224 1462 2289 huc
1476 2246 1513 2289 re

451 2309 665 2396 scripserunt
693 2331 882 2374 numerare.
929 2310 1114 2377 Videamus
1130 2333 1212 2397 ergo
1228 2310 1289 2395 qui
1314 2309 1443 2375 fuerint
1458 2332 1513 2375 ex·

451 2417 518 2485 teri
543 2418 741 2506 scriptores,
764 2416 825 2502 qui
854 2416 897 2484 de
928 2417 1157 2505 Apparitione
1188 2414 1424 2484 testimonium
1455 2413 1513 2481 06·

452 2519 543 2587 dere.

657 2710 723 2775 DE
737 2709 942 2778 EXTERIS
958 2709 1308 2778 SCRIPTORIBUS.

495 2883 566 2949 120.
610 2882 706 2947 Daza
734 2881 789 2947 Fr.
814 2883 995 2963 Antonius,
1012 2882 1154 2949 Ordinis
1183 2880 1301 2949 Sancti
1329 2880 1514 2957 Francisci,

452 2985 593 3073 scripsit
607 2984 767 3050 Discursu
781 2987 868 3051 sobre
882 2986 914 3050 lo
936 2987 1110 3051 Purisimo
1127 2984 1321 3070 066666σί66,
1349 2988 1451 3069 atque
1467 2983 1516 3049 ibi

452 3088 558 3157 etiam
587 3087 630 3153 de
646 3087 685 3154 B.
701 3088 747 3153 M.
777 3088 817 3154 V.
832 3088 875 3154 06
891 3089 1097 3178 Guadalupe
1126 3087 1232 3155 verba
1247 3086 1337 3153 facit.
1381 3087 1516 3155 Mutriti

453 3191 546 3278 typis
561 3188 634 3256 edit
657 3191 758 3277 juxta
772 3191 951 3278 Oquendo,
983 3192 1173 3258 66661621
1190 3195 1227 3257 et
1257 3190 1352 3256 1628.
1370 3191 1415 3275 (1)

496 3362 567 3428 121.
592 3362 629 3429 P.
644 3363 818 3429 Eusebius
829 3362 1054 3451 Nieremberg
1064 3362 1213 3449 inopere
1227 3360 1282 3427 cui
1294 3361 1418 3429 titulus
1439 3362 1518 3429 Tro-

446 3466 532 3551 paea
544 3465 709 3542 Mariano,
723 3488 776 3531 seu
785 3467 823 3530 dc
838 3466 963 3531 victrice
974 3466 1193 3531 misericordia
1203 3464 1367 3551 Doberos
1378 3466 1517 3551 patroci-

452 3569 756 3648 cacuminibus,
773 3569 809 3633 in
824 3568 914 3633 libro
926 3575 1033 3648 scxt0,
1051 3574 1154 3656 caput
1179 3568 1446 3654 sexagessimum
1458 3592 1517 3635 no-

453 3694 535 3737 num
550 3672 655 3738 habet
670 3673 762 3738 hunc
787 3673 924 3739 titulum
947 3674 1058 3757 Imcpo
1087 3671 1250 3737 mecca
1265 3672 1303 3737 de
1324 3672 1518 3759 Gucdclupr.

452 3774 510 3841 Ibi
524 3780 661 3841 enarret
672 3775 817 3862 primam
829 3775 1092 3863 Appetitionem
1104 3776 1142 3841 Β.
1156 3774 1203 3840 M.
1218 3773 1257 3841 V.
1272 3776 1297 3841 J
1297 3798 1441 3843 oannem
1458 3778 1517 3843 Di-

495 3986 540 4065 (r)
583 3986 746 4063 Oquendo,
763 3984 858 4046 Diser.
872 3984 1015 4045 historica
1029 3986 1117 4046 sobre
1131 3986 1161 4045 la
1175 3984 1337 4065 Aparicion
1353 3996 1421 4058 etc,
1445 4002 1516 4053 tom.

454 4090 483 4159 2,
498 4104 562 4164 cap.
585 4104 610 4160 7,
624 4086 640 4160 ἓ
654 4100 682 4161 3,
697 4086 781 4145 6166.
799 4086 1078 4162 490-116666616,
1096 4086 1221 4146 Esrrella
1231 4086 1279 4145 del
1295 4087 1389 4147 Norte
1401 4088 1439 4149 de
1456 4088 1517 4147 Me

452 4185 531 4260 xico,
547 4204 613 4265 cap.
632 4206 677 4258 12,
693 4190 777 4245 num.
793 4186 995 4264 96.-Guridi
1011 4189 1144 4259 Alcoser.
1186 4188 1336 4277 Apologia
1348 4188 1387 4251 de
1402 4188 1518 4277 laAps·

458 4284 556 4353 rteiou
571 4298 641 4365 etc,
656 4303 721 4375 cap.
742 4302 788 4375 15,
802 4288 818 4365 5
834 4306 859 4357 1,
1042 4298 1044 4303 ’
