<?xml version="1.0" encoding="UTF-8"?>
<!DOCTYPE html PUBLIC "-//W3C//DTD XHTML 1.0 Transitional//EN"
    "http://www.w3.org/TR/xhtml1/DTD/xhtml1-transitional.dtd">
<html xmlns="http://www.w3.org/1999/xhtml" xml:lang="en" lang="en">
 <head>
  <title>
</title>
<meta http-equiv="Content-Type" content="text/html;charset=utf-8" />
  <meta name='ocr-system' content='tesseract 3.04.00' />
  <meta name='ocr-capabilities' content='ocr_page ocr_carea ocr_par ocr_line ocrx_word'/>
</head>
<body>
  <div class='ocr_page' id='page_1' title='image "./dissertatiohist00rosagoog_0253.png"; bbox 0 0 3625 5217; ppageno 0'>
   <div class='ocr_carea' id='block_1_1' title="bbox 780 580 847 658">
    <p class='ocr_par' dir='ltr' id='par_1_1' title="bbox 780 580 847 658">
     <span class='ocr_line' id='line_1_1' title="bbox 780 580 847 658; baseline 0.015 -1"><span class='ocrx_word' id='word_1_1' title='bbox 780 580 847 658; x_wconf 70' lang='grc'><strong>149</strong></span> 
     </span>
    </p>
   </div>
   <div class='ocr_carea' id='block_1_2' title="bbox 283 759 1356 3809">
    <p class='ocr_par' dir='ltr' id='par_1_2' title="bbox 284 759 1356 957">
     <span class='ocr_line' id='line_1_2' title="bbox 289 759 1356 847; baseline 0.004 -16"><span class='ocrx_word' id='word_1_2' title='bbox 289 760 345 831; x_wconf 83' lang='lat' dir='ltr'><strong>oio</strong></span> <span class='ocrx_word' id='word_1_3' title='bbox 358 762 395 830; x_wconf 86' lang='lat' dir='ltr'><strong>P.</strong></span> <span class='ocrx_word' id='word_1_4' title='bbox 410 762 557 832; x_wconf 87' lang='lat' dir='ltr'><strong>Joaunie</strong></span> <span class='ocrx_word' id='word_1_5' title='bbox 580 759 650 829; x_wconf 89' lang='lat' dir='ltr'><strong>aS.</strong></span> <span class='ocrx_word' id='word_1_6' title='bbox 671 762 855 843; x_wconf 83' lang='lat' dir='ltr'><strong>Michaele,</strong></span> <span class='ocrx_word' id='word_1_7' title='bbox 877 762 1062 833; x_wconf 67' lang='lat' dir='ltr'><strong>Seustatis</strong></span> <span class='ocrx_word' id='word_1_8' title='bbox 1083 764 1181 847; x_wconf 84' lang='lat' dir='ltr'><strong>Jssu,</strong></span> <span class='ocrx_word' id='word_1_9' title='bbox 1210 762 1304 833; x_wconf 85' lang='lat' dir='ltr'><strong>dicta</strong></span> <span class='ocrx_word' id='word_1_10' title='bbox 1318 760 1356 835; x_wconf 90' lang='lat' dir='ltr'><strong>iu</strong></span> 
     </span>
     <span class='ocr_line' id='line_1_3' title="bbox 284 866 911 957; baseline -0.002 -22"><span class='ocrx_word' id='word_1_11' title='bbox 284 866 504 936; x_wconf 73' lang='lat' dir='ltr'><strong>dedicatione</strong></span> <span class='ocrx_word' id='word_1_12' title='bbox 534 868 701 957; x_wconf 73' lang='lat' dir='ltr'><strong>praedicti</strong></span> <span class='ocrx_word' id='word_1_13' title='bbox 716 868 845 936; x_wconf 87' lang='lat' dir='ltr'><strong>sacelli.</strong></span> <span class='ocrx_word' id='word_1_14' title='bbox 864 870 911 956; x_wconf 85' lang='lat' dir='ltr'><strong>(l)</strong></span> 
     </span>
    </p>

    <p class='ocr_par' dir='ltr' id='par_1_3' title="bbox 286 969 1354 1585">
     <span class='ocr_line' id='line_1_4' title="bbox 331 969 1353 1059; baseline 0.004 -24"><span class='ocrx_word' id='word_1_15' title='bbox 331 970 430 1036; x_wconf 83' lang='lat' dir='ltr'><strong>Anno</strong></span> <span class='ocrx_word' id='word_1_16' title='bbox 446 970 531 1037; x_wconf 76' lang='lat'>1669</span> <span class='ocrx_word' id='word_1_17' title='bbox 560 970 723 1036; x_wconf 89' lang='lat' dir='ltr'><strong>canonice</strong></span> <span class='ocrx_word' id='word_1_18' title='bbox 750 969 817 1039; x_wconf 86' lang='lat' dir='ltr'><strong>luit</strong></span> <span class='ocrx_word' id='word_1_19' title='bbox 842 974 957 1037; x_wconf 90' lang='lat' dir='ltr'><strong>erecte</strong></span> <span class='ocrx_word' id='word_1_20' title='bbox 986 969 1216 1059; x_wconf 74' lang='lat' dir='ltr'><strong>congregatio</strong></span> <span class='ocrx_word' id='word_1_21' title='bbox 1242 971 1281 1039; x_wconf 89' lang='lat' dir='ltr'><strong>B.</strong></span> <span class='ocrx_word' id='word_1_22' title='bbox 1305 971 1353 1039; x_wconf 68' lang='lat' dir='ltr'><strong>tt</strong></span> 
     </span>
     <span class='ocr_line' id='line_1_5' title="bbox 289 1072 1354 1164; baseline 0.004 -23"><span class='ocrx_word' id='word_1_23' title='bbox 289 1072 442 1164; x_wconf 76' lang='lat' dir='ltr'>Virginis</span> <span class='ocrx_word' id='word_1_24' title='bbox 464 1076 508 1143; x_wconf 88' lang='lat' dir='ltr'><strong>da</strong></span> <span class='ocrx_word' id='word_1_25' title='bbox 533 1074 750 1161; x_wconf 81' lang='lat' dir='ltr'><strong>Guadalupe,</strong></span> <span class='ocrx_word' id='word_1_26' title='bbox 779 1075 816 1141; x_wconf 92' lang='lat' dir='ltr'><strong>iu</strong></span> <span class='ocrx_word' id='word_1_27' title='bbox 845 1074 985 1142; x_wconf 85' lang='lat' dir='ltr'><strong>civitate</strong></span> <span class='ocrx_word' id='word_1_28' title='bbox 1007 1072 1209 1159; x_wconf 82' lang='lat' dir='ltr'><strong>Queretaro:</strong></span> <span class='ocrx_word' id='word_1_29' title='bbox 1230 1075 1354 1145; x_wconf 86' lang='lat' dir='ltr'><strong>deiude</strong></span> 
     </span>
     <span class='ocr_line' id='line_1_6' title="bbox 288 1177 1353 1267; baseline 0.006 -22"><span class='ocrx_word' id='word_1_30' title='bbox 288 1180 413 1246; x_wconf 84' lang='lat' dir='ltr'><strong>annuis</strong></span> <span class='ocrx_word' id='word_1_31' title='bbox 442 1180 608 1267; x_wconf 87' lang='lat' dir='ltr'><strong>pecuniae</strong></span> <span class='ocrx_word' id='word_1_32' title='bbox 637 1177 813 1258; x_wconf 78' lang='lat' dir='ltr'><strong>reddibus,</strong></span> <span class='ocrx_word' id='word_1_33' title='bbox 829 1184 865 1245; x_wconf 89' lang='lat' dir='ltr'><strong>et</strong></span> <span class='ocrx_word' id='word_1_34' title='bbox 880 1178 1010 1245; x_wconf 86' lang='lat' dir='ltr'><strong>Missae</strong></span> <span class='ocrx_word' id='word_1_35' title='bbox 1025 1178 1171 1267; x_wconf 84' lang='lat' dir='ltr'><strong>singulis</strong></span> <span class='ocrx_word' id='word_1_36' title='bbox 1187 1181 1353 1263; x_wconf 81' lang='lat' dir='ltr'><strong>sabbatis,</strong></span> 
     </span>
     <span class='ocr_line' id='line_1_7' title="bbox 287 1281 1354 1355; baseline 0.002 -3"><span class='ocrx_word' id='word_1_37' title='bbox 287 1289 325 1353; x_wconf 86' lang='lat' dir='ltr'><strong>et</strong></span> <span class='ocrx_word' id='word_1_38' title='bbox 338 1283 465 1351; x_wconf 80' lang='lat' dir='ltr'><strong>testum</strong></span> <span class='ocrx_word' id='word_1_39' title='bbox 480 1283 537 1352; x_wconf 88' lang='lat' dir='ltr'><strong>dia</strong></span> <span class='ocrx_word' id='word_1_40' title='bbox 553 1284 594 1349; x_wconf 77' lang='lat'><strong>12</strong></span> <span class='ocrx_word' id='word_1_41' title='bbox 609 1282 803 1350; x_wconf 80' lang='lat' dir='ltr'><strong>decembris</strong></span> <span class='ocrx_word' id='word_1_42' title='bbox 823 1281 919 1350; x_wconf 85' lang='lat' dir='ltr'><strong>fuere</strong></span> <span class='ocrx_word' id='word_1_43' title='bbox 936 1282 1087 1355; x_wconf 78' lang='lat' dir='ltr'><strong>lundata.</strong></span> <span class='ocrx_word' id='word_1_44' title='bbox 1132 1286 1175 1355; x_wconf 92' lang='lat' dir='ltr'><strong>In</strong></span> <span class='ocrx_word' id='word_1_45' title='bbox 1190 1287 1252 1355; x_wconf 92' lang='lat' dir='ltr'><strong>illa</strong></span> <span class='ocrx_word' id='word_1_46' title='bbox 1266 1286 1354 1355; x_wconf 84' lang='lat' dir='ltr'><strong>Con·</strong></span> 
     </span>
     <span class='ocr_line' id='line_1_8' title="bbox 286 1389 1354 1483; baseline 0.001 -23"><span class='ocrx_word' id='word_1_47' title='bbox 286 1392 486 1483; x_wconf 78' lang='lat' dir='ltr'><strong>gregatione</strong></span> <span class='ocrx_word' id='word_1_48' title='bbox 501 1412 622 1457; x_wconf 87' lang='lat' dir='ltr'><strong>omncs</strong></span> <span class='ocrx_word' id='word_1_49' title='bbox 634 1390 748 1457; x_wconf 87' lang='lat' dir='ltr'><strong>clerici</strong></span> <span class='ocrx_word' id='word_1_50' title='bbox 760 1389 856 1457; x_wconf 89' lang='lat' dir='ltr'><strong>illius</strong></span> <span class='ocrx_word' id='word_1_51' title='bbox 868 1390 1020 1462; x_wconf 82' lang='lat' dir='ltr'><strong>civitatis</strong></span> <span class='ocrx_word' id='word_1_52' title='bbox 1042 1392 1184 1461; x_wconf 81' lang='lat' dir='ltr'><strong>fuerunt</strong></span> <span class='ocrx_word' id='word_1_53' title='bbox 1208 1392 1354 1483; x_wconf 87' lang='lat' dir='ltr'><strong>iuscrip-</strong></span> 
     </span>
     <span class='ocr_line' id='line_1_9' title="bbox 289 1499 391 1585; baseline 0.01 -19"><span class='ocrx_word' id='word_1_54' title='bbox 289 1499 326 1567; x_wconf 87' lang='lat' dir='ltr'><strong>ti</strong></span> <span class='ocrx_word' id='word_1_55' title='bbox 343 1502 391 1585; x_wconf 75' lang='lat'><strong>(2)</strong></span> 
     </span>
    </p>

    <p class='ocr_par' dir='ltr' id='par_1_4' title="bbox 287 1606 1355 2301">
     <span class='ocr_line' id='line_1_10' title="bbox 331 1606 1355 1689; baseline -0.003 -10"><span class='ocrx_word' id='word_1_56' title='bbox 331 1612 431 1679; x_wconf 83' lang='lat' dir='ltr'><strong>Anno</strong></span> <span class='ocrx_word' id='word_1_57' title='bbox 442 1612 528 1679; x_wconf 78' lang='lat'>1670</span> <span class='ocrx_word' id='word_1_58' title='bbox 540 1614 697 1675; x_wconf 89' lang='lat' dir='ltr'><strong>mortuus</strong></span> <span class='ocrx_word' id='word_1_59' title='bbox 712 1613 766 1674; x_wconf 87' lang='lat' dir='ltr'><strong>est</strong></span> <span class='ocrx_word' id='word_1_60' title='bbox 790 1606 846 1674; x_wconf 84' lang='lat' dir='ltr'><strong>Fr.</strong></span> <span class='ocrx_word' id='word_1_61' title='bbox 872 1607 1026 1677; x_wconf 90' lang='lat' dir='ltr'><strong>Joanues</strong></span> <span class='ocrx_word' id='word_1_62' title='bbox 1052 1606 1215 1689; x_wconf 84' lang='lat' dir='ltr'><strong>Herrera,</strong></span> <span class='ocrx_word' id='word_1_63' title='bbox 1238 1608 1355 1677; x_wconf 85' lang='lat' dir='ltr'><strong>dictus</strong></span> 
     </span>
     <span class='ocr_line' id='line_1_11' title="bbox 289 1710 1354 1799; baseline -0.001 -16"><span class='ocrx_word' id='word_1_64' title='bbox 289 1716 515 1783; x_wconf 86' lang='lat' dir='ltr'><strong>communiter</strong></span> <span class='ocrx_word' id='word_1_65' title='bbox 525 1714 607 1780; x_wconf 90' lang='lat' dir='ltr'><strong>dum</strong></span> <span class='ocrx_word' id='word_1_66' title='bbox 617 1713 711 1789; x_wconf 78' lang='lat' dir='ltr'><strong>vixit,</strong></span> <span class='ocrx_word' id='word_1_67' title='bbox 723 1712 867 1777; x_wconf 72' lang='lat' dir='ltr'><strong>Hert-ero</strong></span> <span class='ocrx_word' id='word_1_68' title='bbox 879 1710 1026 1799; x_wconf 71' lang='lat' dir='ltr'><strong>Septem,</strong></span> <span class='ocrx_word' id='word_1_69' title='bbox 1039 1710 1181 1780; x_wconf 78' lang='lat' dir='ltr'><strong>Ordinis</strong></span> <span class='ocrx_word' id='word_1_70' title='bbox 1191 1712 1230 1781; x_wconf 89' lang='lat' dir='ltr'><strong>B.</strong></span> <span class='ocrx_word' id='word_1_71' title='bbox 1251 1712 1293 1779; x_wconf 86' lang='grc' dir='ltr'><strong>Μ.</strong></span> <span class='ocrx_word' id='word_1_72' title='bbox 1310 1712 1354 1783; x_wconf 88' lang='lat' dir='ltr'><strong>de</strong></span> 
     </span>
     <span class='ocr_line' id='line_1_12' title="bbox 288 1815 1353 1904; baseline -0.003 -16"><span class='ocrx_word' id='word_1_73' title='bbox 288 1818 458 1889; x_wconf 86' lang='lat' dir='ltr'><strong>Mercede.</strong></span> <span class='ocrx_word' id='word_1_74' title='bbox 496 1818 588 1886; x_wconf 84' lang='lat' dir='ltr'><strong>Suae</strong></span> <span class='ocrx_word' id='word_1_75' title='bbox 602 1816 804 1883; x_wconf 73' lang='lat' dir='ltr'><strong>Provinciae</strong></span> <span class='ocrx_word' id='word_1_76' title='bbox 816 1815 942 1883; x_wconf 83' lang='lat' dir='ltr'><strong>Mexioi</strong></span> <span class='ocrx_word' id='word_1_77' title='bbox 956 1815 1117 1904; x_wconf 77' lang='lat' dir='ltr'><strong>praefuit,</strong></span> <span class='ocrx_word' id='word_1_78' title='bbox 1134 1820 1167 1883; x_wconf 93' lang='lat' dir='ltr'><strong>in</strong></span> <span class='ocrx_word' id='word_1_79' title='bbox 1183 1840 1253 1904; x_wconf 89' lang='lat' dir='ltr'><strong>qua</strong></span> <span class='ocrx_word' id='word_1_80' title='bbox 1267 1818 1353 1885; x_wconf 83' lang='lat' dir='ltr'><strong>urbe</strong></span> 
     </span>
     <span class='ocr_line' id='line_1_13' title="bbox 288 1919 1352 2001; baseline -0.006 -9"><span class='ocrx_word' id='word_1_81' title='bbox 288 1924 480 1992; x_wconf 79' lang='lat' dir='ltr'><strong>Ecclesiam</strong></span> <span class='ocrx_word' id='word_1_82' title='bbox 495 1920 550 1990; x_wconf 86' lang='lat' dir='ltr'><strong>sui</strong></span> <span class='ocrx_word' id='word_1_83' title='bbox 566 1919 708 1988; x_wconf 83' lang='lat' dir='ltr'><strong>Ordinis</strong></span> <span class='ocrx_word' id='word_1_84' title='bbox 723 1922 767 1989; x_wconf 88' lang='lat' dir='ltr'><strong>da</strong></span> <span class='ocrx_word' id='word_1_85' title='bbox 797 1944 887 1987; x_wconf 83' lang='lat' dir='ltr'><strong>noro</strong></span> <span class='ocrx_word' id='word_1_86' title='bbox 902 1921 1108 2001; x_wconf 76' lang='lat' dir='ltr'><strong>construxit,</strong></span> <span class='ocrx_word' id='word_1_87' title='bbox 1125 1926 1160 1989; x_wconf 89' lang='lat' dir='ltr'><strong>et</strong></span> <span class='ocrx_word' id='word_1_88' title='bbox 1186 1920 1352 1989; x_wconf 88' lang='lat' dir='ltr'><strong>sacellum</strong></span> 
     </span>
     <span class='ocr_line' id='line_1_14' title="bbox 287 2024 1352 2113; baseline -0.005 -17"><span class='ocrx_word' id='word_1_89' title='bbox 287 2032 395 2096; x_wconf 88' lang='lat' dir='ltr'><strong>erexit</strong></span> <span class='ocrx_word' id='word_1_90' title='bbox 409 2027 447 2093; x_wconf 91' lang='lat' dir='ltr'><strong>in</strong></span> <span class='ocrx_word' id='word_1_91' title='bbox 461 2028 627 2094; x_wconf 86' lang='lat' dir='ltr'><strong>honorem</strong></span> <span class='ocrx_word' id='word_1_92' title='bbox 643 2027 682 2092; x_wconf 92' lang='lat' dir='ltr'><strong>B.</strong></span> <span class='ocrx_word' id='word_1_93' title='bbox 699 2026 746 2092; x_wconf 85' lang='lat' dir='ltr'><strong>M.</strong></span> <span class='ocrx_word' id='word_1_94' title='bbox 761 2026 801 2093; x_wconf 86' lang='lat' dir='ltr'><strong>V.</strong></span> <span class='ocrx_word' id='word_1_95' title='bbox 819 2025 861 2092; x_wconf 91' lang='lat' dir='ltr'><strong>de</strong></span> <span class='ocrx_word' id='word_1_96' title='bbox 877 2024 1092 2113; x_wconf 79' lang='lat' dir='ltr'><strong>Guadalnpe.</strong></span> <span class='ocrx_word' id='word_1_97' title='bbox 1121 2027 1168 2111; x_wconf 76' lang='lat'><strong>(3)</strong></span> <span class='ocrx_word' id='word_1_98' title='bbox 1200 2027 1278 2110; x_wconf 87' lang='lat' dir='ltr'><strong>Quo</strong></span> <span class='ocrx_word' id='word_1_99' title='bbox 1293 2047 1352 2092; x_wconf 90' lang='lat' dir='ltr'><strong>an·</strong></span> 
     </span>
     <span class='ocr_line' id='line_1_15' title="bbox 288 2130 1353 2221; baseline 0.002 -24"><span class='ocrx_word' id='word_1_100' title='bbox 288 2154 333 2197; x_wconf 92' lang='lat' dir='ltr'><strong>no</strong></span> <span class='ocrx_word' id='word_1_101' title='bbox 347 2135 499 2198; x_wconf 90' lang='lat' dir='ltr'><strong>erectum</strong></span> <span class='ocrx_word' id='word_1_102' title='bbox 513 2130 619 2197; x_wconf 88' lang='lat' dir='ltr'><strong>luerit</strong></span> <span class='ocrx_word' id='word_1_103' title='bbox 633 2130 700 2197; x_wconf 92' lang='lat' dir='ltr'><strong>hoc</strong></span> <span class='ocrx_word' id='word_1_104' title='bbox 715 2130 880 2197; x_wconf 86' lang='lat' dir='ltr'><strong>sacellum</strong></span> <span class='ocrx_word' id='word_1_105' title='bbox 895 2154 965 2198; x_wconf 90' lang='lat' dir='ltr'><strong>nou</strong></span> <span class='ocrx_word' id='word_1_106' title='bbox 985 2132 1189 2221; x_wconf 83' lang='lat' dir='ltr'><strong>exprimitur</strong></span> <span class='ocrx_word' id='word_1_107' title='bbox 1215 2133 1260 2201; x_wconf 91' lang='lat' dir='ltr'><strong>ab</strong></span> <span class='ocrx_word' id='word_1_108' title='bbox 1275 2155 1353 2201; x_wconf 89' lang='lat' dir='ltr'><strong>auc-</strong></span> 
     </span>
     <span class='ocr_line' id='line_1_16' title="bbox 289 2233 598 2301; baseline -0.006 0"><span class='ocrx_word' id='word_1_109' title='bbox 289 2240 363 2301; x_wconf 89' lang='lat' dir='ltr'><strong>tore</strong></span> <span class='ocrx_word' id='word_1_110' title='bbox 377 2233 468 2301; x_wconf 82' lang='lat' dir='ltr'><strong>inira</strong></span> <span class='ocrx_word' id='word_1_111' title='bbox 483 2233 598 2301; x_wconf 88' lang='lat' dir='ltr'><strong>citato.</strong></span> 
     </span>
    </p>

    <p class='ocr_par' dir='ltr' id='par_1_5' title="bbox 283 2336 1354 3586">
     <span class='ocr_line' id='line_1_17' title="bbox 329 2336 1353 2431; baseline 0.011 -30"><span class='ocrx_word' id='word_1_112' title='bbox 329 2336 430 2402; x_wconf 80' lang='lat' dir='ltr'><strong>Auno</strong></span> <span class='ocrx_word' id='word_1_113' title='bbox 446 2337 530 2403; x_wconf 81' lang='lat'>1673</span> <span class='ocrx_word' id='word_1_114' title='bbox 546 2336 599 2403; x_wconf 83' lang='lat' dir='ltr'><strong>rel</strong></span> <span class='ocrx_word' id='word_1_115' title='bbox 621 2336 707 2404; x_wconf 76' lang='lat'>1674</span> <span class='ocrx_word' id='word_1_116' title='bbox 721 2336 758 2404; x_wconf 90' lang='lat' dir='ltr'><strong>in</strong></span> <span class='ocrx_word' id='word_1_117' title='bbox 783 2337 1048 2426; x_wconf 82' lang='lat' dir='ltr'><strong>Tepeyaqueusi</strong></span> <span class='ocrx_word' id='word_1_118' title='bbox 1077 2341 1222 2431; x_wconf 86' lang='lat' dir='ltr'><strong>Templo</strong></span> <span class='ocrx_word' id='word_1_119' title='bbox 1252 2366 1353 2411; x_wconf 89' lang='lat' dir='ltr'><strong>cano·</strong></span> 
     </span>
     <span class='ocr_line' id='line_1_18' title="bbox 288 2440 1352 2539; baseline 0.011 -34"><span class='ocrx_word' id='word_1_120' title='bbox 288 2443 361 2507; x_wconf 87' lang='lat' dir='ltr'><strong>nice</strong></span> <span class='ocrx_word' id='word_1_121' title='bbox 391 2440 459 2507; x_wconf 84' lang='lat' dir='ltr'><strong>luit</strong></span> <span class='ocrx_word' id='word_1_122' title='bbox 472 2440 626 2507; x_wconf 88' lang='lat' dir='ltr'><strong>stabilita</strong></span> <span class='ocrx_word' id='word_1_123' title='bbox 654 2463 743 2507; x_wconf 85' lang='lat' dir='ltr'><strong>nova</strong></span> <span class='ocrx_word' id='word_1_124' title='bbox 768 2442 1041 2512; x_wconf 73' lang='lat' dir='ltr'><strong>confraternitas</strong></span> <span class='ocrx_word' id='word_1_125' title='bbox 1067 2444 1103 2511; x_wconf 93' lang='lat' dir='ltr'><strong>iu</strong></span> <span class='ocrx_word' id='word_1_126' title='bbox 1129 2445 1303 2539; x_wconf 34' lang='lat' dir='ltr'><strong>honorem,</strong></span> <span class='ocrx_word' id='word_1_127' title='bbox 1313 2448 1352 2520; x_wconf 92' lang='lat' dir='ltr'><strong>B.</strong></span> 
     </span>
     <span class='ocr_line' id='line_1_19' title="bbox 287 2543 1353 2637; baseline 0.013 -26"><span class='ocrx_word' id='word_1_128' title='bbox 287 2544 334 2612; x_wconf 87' lang='grc' dir='ltr'><strong>Μ.</strong></span> <span class='ocrx_word' id='word_1_129' title='bbox 349 2543 389 2612; x_wconf 86' lang='lat' dir='ltr'><strong>V.</strong></span> <span class='ocrx_word' id='word_1_130' title='bbox 406 2544 449 2611; x_wconf 87' lang='lat' dir='ltr'><strong>de</strong></span> <span class='ocrx_word' id='word_1_131' title='bbox 462 2544 677 2632; x_wconf 88' lang='lat' dir='ltr'><strong>Guadalupe,</strong></span> <span class='ocrx_word' id='word_1_132' title='bbox 707 2549 809 2631; x_wconf 90' lang='lat' dir='ltr'><strong>(quae</strong></span> <span class='ocrx_word' id='word_1_133' title='bbox 835 2548 1029 2634; x_wconf 90' lang='lat' dir='ltr'><strong>antiquitus</strong></span> <span class='ocrx_word' id='word_1_134' title='bbox 1050 2550 1097 2615; x_wconf 90' lang='lat' dir='ltr'><strong>ibi</strong></span> <span class='ocrx_word' id='word_1_135' title='bbox 1113 2552 1286 2637; x_wconf 83' lang='lat' dir='ltr'><strong>extiterat,</strong></span> <span class='ocrx_word' id='word_1_136' title='bbox 1302 2558 1353 2625; x_wconf 91' lang='lat' dir='ltr'><strong>iu·</strong></span> 
     </span>
     <span class='ocr_line' id='line_1_20' title="bbox 286 2648 1353 2743; baseline 0.012 -27"><span class='ocrx_word' id='word_1_137' title='bbox 286 2650 428 2718; x_wconf 86' lang='lat' dir='ltr'><strong>teriorat</strong></span> <span class='ocrx_word' id='word_1_138' title='bbox 442 2656 636 2737; x_wconf 90' lang='lat' dir='ltr'><strong>temporum</strong></span> <span class='ocrx_word' id='word_1_139' title='bbox 651 2648 801 2735; x_wconf 77' lang='lat' dir='ltr'><strong>injuria).</strong></span> <span class='ocrx_word' id='word_1_140' title='bbox 830 2652 983 2739; x_wconf 84' lang='lat' dir='ltr'><strong>Regulus</strong></span> <span class='ocrx_word' id='word_1_141' title='bbox 1000 2654 1103 2743; x_wconf 84' lang='lat' dir='ltr'><strong>hujus</strong></span> <span class='ocrx_word' id='word_1_142' title='bbox 1119 2656 1353 2731; x_wconf 73' lang='lat' dir='ltr'><strong>confraterni-</strong></span> 
     </span>
     <span class='ocr_line' id='line_1_21' title="bbox 287 2754 1353 2851; baseline 0.014 -30"><span class='ocrx_word' id='word_1_143' title='bbox 287 2755 369 2822; x_wconf 87' lang='lat' dir='ltr'><strong>tatis</strong></span> <span class='ocrx_word' id='word_1_144' title='bbox 384 2754 600 2841; x_wconf 83' lang='lat' dir='ltr'><strong>approbavit,</strong></span> <span class='ocrx_word' id='word_1_145' title='bbox 616 2760 652 2821; x_wconf 92' lang='lat' dir='ltr'><strong>et</strong></span> <span class='ocrx_word' id='word_1_146' title='bbox 671 2758 799 2821; x_wconf 87' lang='lat' dir='ltr'><strong>servari</strong></span> <span class='ocrx_word' id='word_1_147' title='bbox 812 2756 990 2844; x_wconf 88' lang='lat' dir='ltr'><strong>praecepit</strong></span> <span class='ocrx_word' id='word_1_148' title='bbox 1002 2758 1217 2851; x_wconf 86' lang='lat' dir='ltr'><strong>RmuePayo</strong></span> <span class='ocrx_word' id='word_1_149' title='bbox 1233 2766 1276 2833; x_wconf 91' lang='lat' dir='ltr'><strong>de</strong></span> <span class='ocrx_word' id='word_1_150' title='bbox 1291 2766 1353 2837; x_wconf 87' lang='lat' dir='ltr'><strong>Bi·</strong></span> 
     </span>
     <span class='ocr_line' id='line_1_22' title="bbox 287 2861 1353 2961; baseline 0.017 -36"><span class='ocrx_word' id='word_1_151' title='bbox 287 2882 378 2942; x_wconf 84' lang='lat' dir='ltr'><strong>rera,</strong></span> <span class='ocrx_word' id='word_1_152' title='bbox 397 2861 593 2928; x_wconf 82' lang='lat' dir='ltr'><strong>Mexioanus</strong></span> <span class='ocrx_word' id='word_1_153' title='bbox 610 2862 908 2951; x_wconf 83' lang='lat' dir='ltr'><strong>Archiepiscopus</strong></span> <span class='ocrx_word' id='word_1_154' title='bbox 937 2868 1034 2935; x_wconf 90' lang='lat' dir='ltr'><strong>Iuter</strong></span> <span class='ocrx_word' id='word_1_155' title='bbox 1049 2870 1118 2937; x_wconf 90' lang='lat' dir='ltr'><strong>alia</strong></span> <span class='ocrx_word' id='word_1_156' title='bbox 1133 2877 1248 2941; x_wconf 87' lang='lat' dir='ltr'><strong>autem</strong></span> <span class='ocrx_word' id='word_1_157' title='bbox 1263 2896 1353 2961; x_wconf 83' lang='lat' dir='ltr'><strong>quae</strong></span> 
     </span>
     <span class='ocr_line' id='line_1_23' title="bbox 286 2966 1353 3058; baseline 0.016 -27"><span class='ocrx_word' id='word_1_158' title='bbox 286 2968 320 3033; x_wconf 91' lang='lat' dir='ltr'><strong>iu</strong></span> <span class='ocrx_word' id='word_1_159' title='bbox 334 2966 500 3033; x_wconf 89' lang='lat' dir='ltr'><strong>honorem</strong></span> <span class='ocrx_word' id='word_1_160' title='bbox 515 2966 556 3031; x_wconf 93' lang='lat' dir='ltr'><strong>B.</strong></span> <span class='ocrx_word' id='word_1_161' title='bbox 572 2966 618 3031; x_wconf 87' lang='grc' dir='ltr'><strong>Μ.</strong></span> <span class='ocrx_word' id='word_1_162' title='bbox 636 2966 675 3033; x_wconf 87' lang='lat' dir='ltr'><strong>V.</strong></span> <span class='ocrx_word' id='word_1_163' title='bbox 690 2967 734 3034; x_wconf 89' lang='lat' dir='ltr'><strong>de</strong></span> <span class='ocrx_word' id='word_1_164' title='bbox 750 2967 955 3058; x_wconf 84' lang='lat' dir='ltr'><strong>Guadalupe</strong></span> <span class='ocrx_word' id='word_1_165' title='bbox 972 2978 1070 3042; x_wconf 90' lang='lat' dir='ltr'><strong>erant</strong></span> <span class='ocrx_word' id='word_1_166' title='bbox 1085 2998 1105 3041; x_wconf 90' lang='lat' dir='ltr'><strong>a</strong></span> <span class='ocrx_word' id='word_1_167' title='bbox 1121 2978 1353 3049; x_wconf 80' lang='lat' dir='ltr'><strong>confratribus</strong></span> 
     </span>
     <span class='ocr_line' id='line_1_24' title="bbox 285 3078 1352 3171; baseline 0.011 -26"><span class='ocrx_word' id='word_1_168' title='bbox 285 3078 490 3166; x_wconf 77' lang='lat' dir='ltr'><strong>peragenda,</strong></span> <span class='ocrx_word' id='word_1_169' title='bbox 507 3084 643 3146; x_wconf 72' lang='lat' dir='ltr'><strong>wustat</strong></span> <span class='ocrx_word' id='word_1_170' title='bbox 657 3102 772 3145; x_wconf 88' lang='lat' dir='ltr'><strong>annua</strong></span> <span class='ocrx_word' id='word_1_171' title='bbox 781 3080 983 3151; x_wconf 88' lang='lat' dir='ltr'><strong>solemnitas</strong></span> <span class='ocrx_word' id='word_1_172' title='bbox 995 3084 1064 3152; x_wconf 89' lang='lat' dir='ltr'><strong>diei</strong></span> <span class='ocrx_word' id='word_1_173' title='bbox 1081 3085 1121 3153; x_wconf 82' lang='lat'><strong>12</strong></span> <span class='ocrx_word' id='word_1_174' title='bbox 1137 3087 1352 3171; x_wconf 87' lang='lat' dir='ltr'><strong>Decembris,</strong></span> 
     </span>
     <span class='ocr_line' id='line_1_25' title="bbox 285 3185 1354 3279; baseline 0.016 -29"><span class='ocrx_word' id='word_1_175' title='bbox 285 3206 374 3271; x_wconf 87' lang='lat' dir='ltr'><strong>quae</strong></span> <span class='ocrx_word' id='word_1_176' title='bbox 389 3208 410 3252; x_wconf 91' lang='lat' dir='ltr'><strong>a</strong></span> <span class='ocrx_word' id='word_1_177' title='bbox 425 3185 547 3275; x_wconf 88' lang='lat' dir='ltr'><strong>primis</strong></span> <span class='ocrx_word' id='word_1_178' title='bbox 561 3189 715 3275; x_wconf 79' lang='lat' dir='ltr'><strong>vesperis</strong></span> <span class='ocrx_word' id='word_1_179' title='bbox 729 3212 839 3276; x_wconf 88' lang='lat' dir='ltr'><strong>usque</strong></span> <span class='ocrx_word' id='word_1_180' title='bbox 863 3191 907 3258; x_wconf 90' lang='lat' dir='ltr'><strong>ad</strong></span> <span class='ocrx_word' id='word_1_181' title='bbox 922 3192 1034 3279; x_wconf 90' lang='lat' dir='ltr'><strong>ipsius</strong></span> <span class='ocrx_word' id='word_1_182' title='bbox 1060 3194 1130 3262; x_wconf 88' lang='lat' dir='ltr'><strong>diei</strong></span> <span class='ocrx_word' id='word_1_183' title='bbox 1145 3196 1230 3265; x_wconf 87' lang='lat' dir='ltr'><strong>solis</strong></span> <span class='ocrx_word' id='word_1_184' title='bbox 1257 3221 1354 3266; x_wconf 89' lang='lat' dir='ltr'><strong>occa·</strong></span> 
     </span>
     <span class='ocr_line' id='line_1_26' title="bbox 285 3290 1352 3383; baseline 0.015 -27"><span class='ocrx_word' id='word_1_185' title='bbox 285 3312 361 3357; x_wconf 87' lang='lat' dir='ltr'><strong>sum</strong></span> <span class='ocrx_word' id='word_1_186' title='bbox 374 3290 550 3377; x_wconf 84' lang='lat' dir='ltr'><strong>agebatur,</strong></span> <span class='ocrx_word' id='word_1_187' title='bbox 562 3290 673 3358; x_wconf 88' lang='lat' dir='ltr'><strong>Missa</strong></span> <span class='ocrx_word' id='word_1_188' title='bbox 684 3290 740 3358; x_wconf 90' lang='lat' dir='ltr'><strong>die</strong></span> <span class='ocrx_word' id='word_1_189' title='bbox 752 3293 794 3359; x_wconf 81' lang='lat'><strong>12</strong></span> <span class='ocrx_word' id='word_1_190' title='bbox 809 3295 1011 3363; x_wconf 87' lang='lat' dir='ltr'><strong>solemniter</strong></span> <span class='ocrx_word' id='word_1_191' title='bbox 1026 3298 1208 3383; x_wconf 87' lang='lat' dir='ltr'><strong>celebrata,</strong></span> <span class='ocrx_word' id='word_1_192' title='bbox 1222 3308 1259 3371; x_wconf 89' lang='lat' dir='ltr'><strong>et</strong></span> <span class='ocrx_word' id='word_1_193' title='bbox 1273 3326 1352 3371; x_wconf 92' lang='lat' dir='ltr'><strong>cou-</strong></span> 
     </span>
     <span class='ocr_line' id='line_1_27' title="bbox 285 3394 1352 3485; baseline 0.016 -24"><span class='ocrx_word' id='word_1_194' title='bbox 285 3394 381 3463; x_wconf 90' lang='lat' dir='ltr'><strong>cione</strong></span> <span class='ocrx_word' id='word_1_195' title='bbox 397 3395 517 3462; x_wconf 91' lang='lat' dir='ltr'><strong>habita</strong></span> <span class='ocrx_word' id='word_1_196' title='bbox 532 3395 576 3462; x_wconf 90' lang='lat' dir='ltr'><strong>ad</strong></span> <span class='ocrx_word' id='word_1_197' title='bbox 588 3398 766 3485; x_wconf 90' lang='lat' dir='ltr'><strong>populum,</strong></span> <span class='ocrx_word' id='word_1_198' title='bbox 783 3402 819 3464; x_wconf 94' lang='lat' dir='ltr'><strong>et</strong></span> <span class='ocrx_word' id='word_1_199' title='bbox 844 3401 1076 3485; x_wconf 87' lang='lat' dir='ltr'><strong>processione,</strong></span> <span class='ocrx_word' id='word_1_200' title='bbox 1094 3410 1130 3473; x_wconf 90' lang='lat' dir='ltr'><strong>et</strong></span> <span class='ocrx_word' id='word_1_201' title='bbox 1144 3406 1283 3477; x_wconf 88' lang='lat' dir='ltr'><strong>Rosarii</strong></span> <span class='ocrx_word' id='word_1_202' title='bbox 1300 3432 1352 3478; x_wconf 86' lang='lat' dir='ltr'><strong>re·</strong></span> 
     </span>
     <span class='ocr_line' id='line_1_28' title="bbox 283 3501 518 3586; baseline -0.009 -19"><span class='ocrx_word' id='word_1_203' title='bbox 283 3501 456 3569; x_wconf 88' lang='lat' dir='ltr'><strong>citatione.</strong></span> <span class='ocrx_word' id='word_1_204' title='bbox 471 3502 518 3586; x_wconf 76' lang='lat'><strong>(4)</strong></span> 
     </span>
    </p>

    <p class='ocr_par' dir='ltr' id='par_1_6' title="bbox 284 3605 1352 3809">
     <span class='ocr_line' id='line_1_29' title="bbox 325 3605 1352 3688; baseline 0.016 -16"><span class='ocrx_word' id='word_1_205' title='bbox 325 3606 424 3673; x_wconf 89' lang='lat' dir='ltr'><strong>Haeo</strong></span> <span class='ocrx_word' id='word_1_206' title='bbox 452 3605 724 3674; x_wconf 69' lang='lat' dir='ltr'><strong>confraternitas</strong></span> <span class='ocrx_word' id='word_1_207' title='bbox 739 3607 850 3676; x_wconf 91' lang='lat' dir='ltr'><strong>ditata</strong></span> <span class='ocrx_word' id='word_1_208' title='bbox 878 3607 943 3675; x_wconf 83' lang='lat' dir='ltr'><strong>fuit</strong></span> <span class='ocrx_word' id='word_1_209' title='bbox 972 3610 1041 3679; x_wconf 85' lang='lat' dir='ltr'><strong>aS.</strong></span> <span class='ocrx_word' id='word_1_210' title='bbox 1064 3612 1097 3681; x_wconf 83' lang='lat' dir='ltr'><strong>S.</strong></span> <span class='ocrx_word' id='word_1_211' title='bbox 1116 3614 1156 3682; x_wconf 86' lang='lat' dir='ltr'><strong>D.</strong></span> <span class='ocrx_word' id='word_1_212' title='bbox 1174 3614 1352 3688; x_wconf 78' lang='lat' dir='ltr'><strong>Clemente</strong></span> 
     </span>
     <span class='ocr_line' id='line_1_30' title="bbox 284 3708 1351 3809; baseline 0.013 -32"><span class='ocrx_word' id='word_1_213' title='bbox 284 3710 318 3777; x_wconf 85' lang='lat' dir='ltr'>X</span> <span class='ocrx_word' id='word_1_214' title='bbox 333 3731 423 3777; x_wconf 90' lang='lat' dir='ltr'><strong>anno</strong></span> <span class='ocrx_word' id='word_1_215' title='bbox 436 3710 520 3778; x_wconf 83' lang='grc'><strong>1675</strong></span> <span class='ocrx_word' id='word_1_216' title='bbox 529 3708 766 3797; x_wconf 89' lang='lat' dir='ltr'><strong>indulgentiis,</strong></span> <span class='ocrx_word' id='word_1_217' title='bbox 779 3717 815 3778; x_wconf 91' lang='lat' dir='ltr'><strong>et</strong></span> <span class='ocrx_word' id='word_1_218' title='bbox 824 3712 1000 3801; x_wconf 87' lang='lat' dir='ltr'><strong>plenariis,</strong></span> <span class='ocrx_word' id='word_1_219' title='bbox 1014 3721 1049 3784; x_wconf 87' lang='lat' dir='ltr'><strong>et</strong></span> <span class='ocrx_word' id='word_1_220' title='bbox 1063 3718 1283 3809; x_wconf 81' lang='lat' dir='ltr'><strong>partialibus,</strong></span> <span class='ocrx_word' id='word_1_221' title='bbox 1301 3728 1351 3790; x_wconf 86' lang='lat' dir='ltr'><strong>at·</strong></span> 
     </span>
    </p>
   </div>
   <div class='ocr_carea' id='block_1_3' title="bbox 279 3836 1347 4355">
    <p class='ocr_par' dir='ltr' id='par_1_7' title="bbox 283 3836 1345 4148">
     <span class='ocr_line' id='line_1_31' title="bbox 285 3836 1345 3975; baseline 0.008 -28"><span class='ocrx_word' id='word_1_222' title='bbox 285 3836 575 3963; x_wconf 48' lang='lat' dir='ltr'><strong>WBcristaim</strong></span> <span class='ocrx_word' id='word_1_223' title='bbox 606 3883 734 3945; x_wconf 84' lang='lat' dir='ltr'><strong>Bibiiot·</strong></span> <span class='ocrx_word' id='word_1_224' title='bbox 761 3884 851 3965; x_wconf 88' lang='lat' dir='ltr'><strong>Hisp.</strong></span> <span class='ocrx_word' id='word_1_225' title='bbox 875 3887 1019 3961; x_wconf 76' lang='lat' dir='ltr'><strong>Ameria,</strong></span> <span class='ocrx_word' id='word_1_226' title='bbox 1041 3900 1095 3951; x_wconf 83' lang='lat' dir='ltr'><strong>art.</strong></span> <span class='ocrx_word' id='word_1_227' title='bbox 1115 3894 1143 3953; x_wconf 91' lang='lat' dir='ltr'><strong>S.</strong></span> <span class='ocrx_word' id='word_1_228' title='bbox 1176 3894 1298 3975; x_wconf 80' lang='lat' dir='ltr'><strong>Migucl</strong></span> <span class='ocrx_word' id='word_1_229' title='bbox 1314 3900 1345 3963; x_wconf 84' lang='lat' dir='ltr'><strong>P.</strong></span> 
     </span>
     <span class='ocr_line' id='line_1_32' title="bbox 283 3972 1042 4148; baseline 0.004 -20"><span class='ocrx_word' id='word_1_230' title='bbox 283 3972 375 4145; x_wconf 56' lang='lat' dir='ltr'><strong>ingl)-</strong></span> <span class='ocrx_word' id='word_1_231' title='bbox 409 4064 998 4147; x_wconf 60' lang='grc' dir='ltr'><strong>81311111,ῦΙοῐίιεᾶεΟυετέῐατομρ.</strong></span> <span class='ocrx_word' id='word_1_232' title='bbox 1015 4090 1042 4148; x_wconf 81' lang='lat'><strong>3.</strong></span> 
     </span>
    </p>

    <p class='ocr_par' dir='ltr' id='par_1_8' title="bbox 279 4162 1347 4355">
     <span class='ocr_line' id='line_1_33' title="bbox 322 4162 1347 4247; baseline 0.015 -21"><span class='ocrx_word' id='word_1_233' title='bbox 322 4168 366 4245; x_wconf 80' lang='lat'><strong>(3)</strong></span> <span class='ocrx_word' id='word_1_234' title='bbox 410 4162 573 4239; x_wconf 80' lang='lat' dir='ltr'><strong>Beristaiu,</strong></span> <span class='ocrx_word' id='word_1_235' title='bbox 603 4165 730 4227; x_wconf 90' lang='lat' dir='ltr'><strong>Bibliot.</strong></span> <span class='ocrx_word' id='word_1_236' title='bbox 762 4166 853 4247; x_wconf 83' lang='lat' dir='ltr'><strong>Hisp.</strong></span> <span class='ocrx_word' id='word_1_237' title='bbox 883 4169 1019 4240; x_wconf 81' lang='lat' dir='ltr'><strong>Ameria.</strong></span> <span class='ocrx_word' id='word_1_238' title='bbox 1047 4184 1104 4234; x_wconf 80' lang='lat' dir='ltr'><strong>art</strong></span> <span class='ocrx_word' id='word_1_239' title='bbox 1132 4176 1270 4239; x_wconf 82' lang='lat' dir='ltr'><strong>Herrcra</strong></span> <span class='ocrx_word' id='word_1_240' title='bbox 1299 4178 1347 4245; x_wconf 83' lang='lat' dir='ltr'><strong>Fr.</strong></span> 
     </span>
     <span class='ocr_line' id='line_1_34' title="bbox 279 4278 371 4355; baseline 0 -17"><span class='ocrx_word' id='word_1_241' title='bbox 279 4278 371 4355; x_wconf 83' lang='lat' dir='ltr'><strong>Joau.</strong></span> 
     </span>
    </p>
   </div>
   <div class='ocr_carea' id='block_1_4' title="bbox 312 4375 1265 4485">
    <p class='ocr_par' dir='ltr' id='par_1_9' title="bbox 312 4375 1265 4485">
     <span class='ocr_line' id='line_1_35' title="bbox 312 4375 1265 4485; baseline 0.014 -49"><span class='ocrx_word' id='word_1_242' title='bbox 312 4375 358 4479; x_wconf 64' lang='lat'><strong>(4)</strong></span> <span class='ocrx_word' id='word_1_243' title='bbox 400 4375 573 4463; x_wconf 81' lang='lat' dir='ltr'><strong>Florcucia,</strong></span> <span class='ocrx_word' id='word_1_244' title='bbox 590 4379 724 4463; x_wconf 69' lang='lat' dir='ltr'><strong>Eutrella</strong></span> <span class='ocrx_word' id='word_1_245' title='bbox 738 4380 791 4469; x_wconf 77' lang='lat' dir='ltr'><strong>dcl</strong></span> <span class='ocrx_word' id='word_1_246' title='bbox 805 4382 906 4449; x_wconf 83' lang='lat' dir='ltr'><strong>Norte</strong></span> <span class='ocrx_word' id='word_1_247' title='bbox 918 4384 958 4453; x_wconf 82' lang='lat' dir='ltr'><strong>de</strong></span> <span class='ocrx_word' id='word_1_248' title='bbox 973 4384 1108 4473; x_wconf 59' lang='lat' dir='ltr'><strong>lidrico,</strong></span> <span class='ocrx_word' id='word_1_249' title='bbox 1131 4385 1198 4471; x_wconf 72' lang='lat' dir='ltr'><strong>cap.</strong></span> <span class='ocrx_word' id='word_1_250' title='bbox 1214 4405 1265 4485; x_wconf 69' lang='lat'><strong>35,</strong></span> 
     </span>
    </p>
   </div>
   <div class='ocr_carea' id='block_1_5' title="bbox 0 0 1818 5217">
    <p class='ocr_par' dir='ltr' id='par_1_10' title="bbox 0 0 1818 5217">
     <span class='ocr_line' id='line_1_36' title="bbox 0 0 1818 5217; baseline 0 2"><span class='ocrx_word' id='word_1_251' title='bbox 0 0 1818 5217; x_wconf 95' lang='lat' dir='ltr'><strong> </strong></span> 
     </span>
    </p>
   </div>
  </div>
 </body>
</html>
