3625 5217
289 808 341 900 pli
355 810 635 902 Gnadalnpensis
650 833 764 879 curam
780 810 933 901 gerebat,
955 808 1051 878 alind
1066 808 1248 900 Templum
1263 830 1306 877 eo
1322 810 1357 879 in

228 953 232 964 .
288 915 365 982 loco
379 922 613 983 constructum
629 914 696 982 luit
710 916 746 981 in
761 915 927 982 honorem
942 912 982 980 Β.
999 913 1046 980 M
1063 912 1103 981 V.
1119 914 1163 983 de
1179 913 1357 983 Guadalu·

289 1040 342 1104 pe.
382 1018 428 1085 In
442 1042 485 1085 co
499 1019 646 1107 Templo
660 1019 700 1084 Β.
717 1017 765 1084 M
781 1018 889 1105 Virgo
903 1016 971 1085 luit
1000 1022 1267 1105 repraesentata,
1282 1018 1356 1105 jux-

289 1127 325 1186 ta
350 1121 616 1210 Apparitiouum
628 1121 821 1200 historiam,
844 1120 949 1187 flores
965 1118 1001 1186 in
1017 1118 1091 1186 indi
1106 1120 1251 1208 palliolo
1266 1144 1357 1189 oom-

290 1246 431 1311 ponens,
444 1232 480 1293 et
493 1226 592 1292 illum
602 1226 745 1292 mittens
754 1224 799 1291 ad
808 1224 1031 1311 Episcopum.
1049 1224 1098 1309 (1)

332 1327 422 1393 Ante
436 1350 564 1395 annum
579 1329 666 1394 1650
680 1327 874 1395 stabilitum
889 1326 956 1393 init
970 1327 1006 1393 in
1029 1326 1228 1399 cathedrali
1245 1329 1357 1417 Ange·

289 1430 500 1517 lopolitanae
513 1432 665 1499 civitatis
674 1431 802 1497 testum
813 1430 851 1495 in
862 1430 1029 1498 honorem
1042 1430 1082 1497 Β.
1095 1431 1144 1509 M,
1155 1432 1194 1499 V.
1208 1432 1251 1501 de
1263 1431 1357 1499 Gna·

290 1531 427 1621 dalnpe,
442 1534 560 1621 inquo
575 1534 665 1602 festo
679 1534 881 1602 solemniter
894 1532 1043 1622 singulis
1066 1534 1175 1603 annis
1192 1557 1356 1625 vesperae

291 1640 520 1719 cantarentur,
535 1643 572 1705 et
583 1638 694 1705 Missa
717 1638 962 1717 celebraretur,
987 1642 1023 1705 et
1045 1638 1165 1707 concio
1180 1638 1225 1707 ad
1248 1660 1357 1727 popu·

291 1740 362 1807 lum
375 1742 573 1810 haberetur:
583 1742 751 1809 collocata
759 1742 827 1809 init
835 1740 872 1808 in
883 1740 996 1821 altari,
1010 1741 1133 1810 adhoc
1149 1748 1357 1823 constructo,

305 1843 426 1933 Imago
442 1846 673 1932 pulcherrime
687 1846 800 1933 ipsius
814 1844 988 1932 Deiparae
1004 1842 1047 1911 de
1059 1844 1274 1935 Guadalupe.
1310 1844 1356 1929 (2)

291 1948 384 2031 Quot
395 1949 494 2015 annis
509 1955 588 2015 ante
606 1951 690 2016 1650
701 1950 788 2017 haec
799 1948 930 2015 inerim
944 1948 1110 2029 stabilita,
1126 1970 1168 2017 ex
1183 1972 1224 2017 eo
1237 1946 1358 2037 conjici

292 2056 420 2139 poterit
434 2052 528 2138 quod
544 2054 629 2146 haec
658 2052 799 2119 fuerunt
813 2056 954 2140 peracta
969 2050 1014 2118 ab
1029 2052 1124 2119 illiue
1140 2052 1359 2121 cathedralis

292 2155 465 2223 (laconico
480 2156 606 2224 Garoia
620 2156 789 2235 Palacios,
803 2156 850 2240 (3)
867 2154 930 2240 qui
956 2153 1082 2223 deinde
1109 2154 1154 2223 ad
1180 2155 1359 2244 Metropo-

293 2260 433 2327 litanam
448 2258 572 2327 Marici
588 2260 781 2326 Ecclesiam
805 2258 977 2339 transivit,
995 2263 1099 2345 atque
1115 2281 1205 2327 anuo
1221 2260 1359 2329 circiter

293 2366 377 2431 1650
391 2364 434 2431 ad
446 2364 695 2451 Episcopatum
707 2364 840 2430 insulae
851 2362 894 2429 de
905 2362 1005 2430 Ouba
1029 2361 1096 2429 fuit
1108 2368 1360 2451 praesentatus,

293 2490 395 2555 qnam
425 2468 629 2555 dignitatem
660 2466 821 2533 obtinuit
840 2468 887 2548 (4)
918 2466 1061 2535 Necnon
1076 2472 1112 2534 et
1127 2466 1292 2535 sacellum
1322 2469 1358 2537 iu

292 2571 580 2661 Angelopolitana
589 2570 789 2638 cathedrali
803 2572 1018 2639 inhonorem
1030 2570 1070 2637 B.
1087 2569 1135 2637 M
1152 2568 1192 2637 V.
1206 2569 1250 2638 de
1265 2570 1358 2639 Gua-

294 2678 420 2765 dalupe
435 2676 586 2743 Domino
603 2677 669 2743 luit
690 2678 852 2749 dicatum.
872 2680 920 2763 (5)
965 2678 1082 2763 Atque
1105 2676 1265 2765 proxime
1281 2682 1359 2745 acto

293 2781 440 2861 saeculo,
457 2787 497 2849 ut
511 2781 616 2849 etiam
631 2782 845 2852 Matutinnm
860 2783 1062 2852 solemniter
1077 2789 1277 2853 cantaretur
1291 2784 1359 2853 luit

294 2890 473 2952 statutum.
498 2886 545 2967 (6)

335 2990 542 3071 Ann01659,
558 2992 742 3081 Presbyter
753 2993 795 3060 D.
806 2994 922 3062 Lucas
937 2992 1123 3073 (inerrato,
1140 2991 1292 3060 civitatis
1304 2995 1357 3061 cni

293 3117 417 3163 nomen
431 3098 631 3181 Queretaro,
656 3098 847 3187 Imaginem
873 3099 985 3186 ipsius
1000 3098 1040 3165 Β.
1054 3096 1094 3165 V.
1111 3095 1156 3165 de
1182 3096 1359 3169 Gnadelu·

293 3222 336 3289 pe
351 3201 477 3269 Mexici
492 3204 680 3290 adquisivit
693 3205 790 3291 juxta
800 3205 1011 3294 originalem.
1057 3204 1158 3272 Hanc
1169 3204 1359 3295 Imaginem

293 3304 482 3387 Queretaro
511 3308 646 3389 detulit,
677 3316 781 3397 atque
810 3308 848 3376 in
876 3310 1035 3379 Ecclesia
1056 3307 1254 3397 Hospitalis
1269 3308 1360 3396 ejus·

293 3407 371 3476 dem
385 3410 425 3477 Β.
442 3412 480 3479 V.
495 3413 720 3502 Conceptioni
734 3414 970 3481 Inmaculatae
996 3414 1112 3492 dicati,
1127 3412 1223 3481 illam
1254 3413 1362 3482 collo·

293 3514 390 3583 cavit
406 3520 549 3588 Festum
565 3521 736 3607 Deiparae
751 3518 795 3586 de
809 3517 1015 3608 Gnadelupe
1031 3518 1142 3588 di012
1157 3516 1361 3585 Decembris

294 3632 435 3650 ———

293 3776 314 3817 n
335 3676 384 3755 (¹)
426 3690 568 3765 Cabrera,
585 3688 707 3752 Escudo
721 3688 761 3749 de
776 3688 883 3751 Armes
896 3688 937 3751 de
953 3688 1084 3762 Mexico,
1113 3686 1163 3749 lib.
1180 3705 1209 3763 3,
1224 3704 1292 3766 erp.
1312 3705 1358 3763 ¹9·

316 3778 404 3919 '(llo
418 3783 593 3924 elllliilllrcia
613 3854 741 3914 Estrella
755 3852 806 3911 del
834 3854 933 3913 Norte
962 3854 1001 3917 de
1019 3850 1150 3925 Mexico,
1181 3870 1247 3929 cap.
1265 3868 1315 3927 31,
1330 3866 1359 3909 n

295 3933 569 4026 tit-Oquendo,
587 3936 696 3998 Disert.
713 3936 815 3995 histor.
833 3936 920 3997 sobre
943 3936 970 3995 la
986 3932 1158 4015 Aparicion,
1179 3951 1245 4012 cap.
1262 3931 1318 4008 8,5
1335 3950 1360 3997 r.

293 4024 379 4168 null)
391 4017 590 4168 ⁶⁰ilorencia,
605 4098 852 4171 ib.-Oouend0‚
863 4097 904 4159 ib.

335 4175 379 4246 (4)
422 4180 579 4253 Berisum,
595 4180 717 4242 Bibliot
731 4182 862 4261 Hispan.
885 4179 1014 4242 Americ.
1028 4182 1092 4243 Art.
1108 4176 1245 4239 Palacios
1261 4176 1360 4238 lllnro.

295 4254 333 4313 D·
348 4258 426 4333 Juan
442 4264 562 4323 Geraia.

333 4338 377 4415 (5)
420 4344 590 4415 Floreucia,
609 4344 648 4404 ib.

332 4419 380 4503 (6)
420 4427 585 4507 Oquendo,
600 4424 653 4490 ubi
667 4443 763 4506 supra.
1230 4498 1274 4575 81
