3625 5217
757 572 822 657 119

268 746 370 833 111.
387 763 431 832 de
457 756 663 851 Guadalupe
678 762 715 829 in
737 758 988 849 Zacatequensi
1002 752 1204 849 apostolico
1235 746 1337 823 colle·

267 868 323 955 gio
352 874 520 934 structum
536 868 614 945 fuis
632 866 726 953 quod
738 866 918 954 Templum
936 864 1050 940 adhuc
1065 862 1130 929 hoo
1146 862 1284 927 saeculo
1299 860 1335 925 in

266 972 389 1037 melius
402 970 517 1038 adivit.
536 974 568 1047 (1
572 993 584 1055 ,¹

307 1076 676 1145 16661725661116116
700 1084 840 1165 petente
865 1076 1056 1163 Hispaniae
1081 1072 1174 1159 Rege
1202 1068 1336 1155 Philip·

267 1199 312 1263 po
326 1176 366 1257 V,
383 1179 440 1245 die
455 1184 476 1246 9
492 1181 661 1247 Februari
677 1186 789 1268 prima
803 1182 937 1248 Summi
954 1178 1134 1245 Pontificis
1148 1174 1246 1241 bulla
1258 1194 1337 1259 pro-

267 1279 353 1346 divit
368 1305 431 1369 pro
446 1284 618 1350 erectione
643 1286 820 1353 Ecclesiae
837 1284 1049 1371 Collegiatae
1066 1281 1101 1345 in
1118 1280 1283 1345 honorem
1296 1276 1334 1341 B.

269 1379 314 1445 M
331 1380 370 1445 V.
387 1381 431 1447 de
446 1382 653 1471 Guadalupe
670 1384 713 1451 ad
723 1383 942 1471 Tepeyacatl,
959 1403 1047 1467 quae
1064 1380 1204 1447 titulum
1232 1376 1336 1441 habe-

270 1488 322 1548 ret
339 1484 512 1569 Collepioto
526 1488 674 1573 Irisipuia.
712 1492 755 1555 ’2,

304 1590 404 1655 Anno
416 1593 499 1656 1731
511 1594 743 1662 solemnisime
754 1596 821 1662 fuit
834 1594 1045 1659 celebratum
1059 1590 1247 1658 secundum
1260 1610 1337 1655 ceu·

271 1693 437 1757 tenariam
447 1693 685 1783 apparitionis
696 1700 734 1765 B.
747 1699 793 1764 11
806 1698 961 1784 Virginis
974 1696 1016 1763 (16
1031 1694 1242 1781 Guadalupe.
1255 1691 1338 1759 Dic·

271 1792 336 1859 bus
348 1796 389 1860 11
401 1803 437 1861 61
454 1798 494 1863 la
507 1804 634 1867 mensis
659 1804 864 1870 Decembris
881 1808 955 1867 tota
981 1800 1108 1867 Mexici
1133 1800 1338 1865 661616661-

272 1916 344 1961 mae
360 1897 512 1969 laetitiae
529 1905 679 1991 publicis
694 1905 1049 1973 demonstrationibus
1065 1902 1275 1969 nitidissima
1291 1901 1338 1966 vi·

273 2020 311 2061 sa
321 2005 386 2065 est:
398 2025 467 2069 non
479 2007 581 2072 modo
603 2009 748 2097 Templa
760 2008 904 2075 solemni
918 2028 1160 2094 campanarum
1171 2006 1339 2093 pulsatio·

274 2124 313 2166 ne
325 2125 397 2169 rem
410 2106 635 2177 laetissimam
648 2114 859 2190 nuntiavere,
872 2134 991 2177 verum
1007 2110 1112 2177 etiam
1128 2109 1272 2197 Templa
1287 2110 1338 2195 ip·

274 2226 319 2283 sa,
336 2212 441 2293 atque
457 2210 590 2291 domus,
608 2238 669 2302 per
684 2216 785 2293 diem,
800 2219 890 2280 omni
904 2220 1039 2291 ornatu,
1054 2236 1116 2299 per
1132 2220 1267 2279 noctem
1284 2236 1339 2277 ve-

274 2330 321 2385 ro,
337 2311 505 2379 luminum
516 2315 710 2384 incredibili
722 2326 758 2384 et
767 2318 853 2383 bene
867 2318 1027 2383 ordinata
1040 2316 1261 2381 multitudine
1277 2316 1339 2381 Di-

276 2410 371 2479 vinae
387 2414 646 2486 Misericordiae
677 2444 739 2508 per
763 2421 830 2485 Dei
860 2418 1047 2487 Genitricis
1078 2418 1338 2505 Apparitiouem

274 2518 445 2605 singulare
461 2527 648 2593 mexicanis
671 2550 868 2593 concessum
881 2524 1085 2592 beneficium
1113 2525 1337 2591 testabantur.

276 2618 368 2707 Ipsis
383 2624 507 2695 dicbus
523 2632 561 2695 11
579 2638 614 2697 61
630 2632 670 2696 la
688 2631 890 2697 Decembris
906 2630 1030 2695 festum
1049 2628 1339 2695 solemnissimum

276 2724 473 2814 Tepeyacac
496 2734 532 2799 in
547 2734 690 2821 Templo
706 2733 772 2800 luit
787 2734 1010 2810 celebratum,
1028 2730 1189 2818 Vesperis
1216 2738 1250 2797 61
1267 2734 1340 2801 116-

277 2830 387 2897 tutiuo
400 2836 734 2921 magnificentissime
746 2835 947 2913 decantatis,
964 2844 999 2901 et
1018 2836 1123 2902 llissa
1138 2834 1293 2913 solemni,
1306 2843 1342 2901 et

277 2940 435 3003 concione
451 2940 571 3006 habita
586 2940 630 3006 ad
646 2941 821 3028 populum,
838 2946 943 3025 atque
955 2947 1054 3005 extra
1066 2940 1246 3025 Templum
1263 2962 1341 3025 pro·

277 3040 429 3107 cessione
444 3050 591 3127 peracta
624 3042 773 3109 1116666
804 3050 839 3109 61
854 3042 1100 3130 Archipraesul
1130 3042 1341 3119 Mexicanus,

277 3146 311 3207 st
325 3144 486 3211 Canonici
502 3148 793 3235 Metropolitanae
803 3147 989 3223 Ecclesiae,
1007 3152 1041 3212 61
1059 3146 1258 3211 1166166666
1274 3144 1342 3211 Pro

278 3244 359 3325 Rex,
375 3249 486 3315 etalii
502 3274 615 3317 rerum
632 3251 784 3317 civilium
817 3248 1061 3327 aloda-atores,
1077 3256 1112 3314 61
1142 3249 1340 3337 Capitulum

278 3348 445 3430 Civitatis,
461 3360 496 3417 61
511 3354 662 3441 populus
685 3354 893 3420 innumerus.
941 3352 1095 3418 Sabbato
1122 3352 1274 3439 proxime
1291 3372 1342 3417 se-

278 3456 396 3537 quenti
423 3455 514 3522 idem
530 3457 763 3523 centonarium
789 3456 855 3522 luit
877 3456 1088 3522 celebratum
1117 3454 1343 3542 1611616666-

278 3558 384 3623 111666
407 3560 564 3625 Ecclesia
589 3560 757 3640 Maxicea,
785 3562 820 3627 in
848 3582 917 3646 qua
940 3559 984 3623 ab
1001 3558 1153 3645 antiquis
1181 3560 1343 3645 tempori·

280 3660 343 3728 bue
373 3663 653 3749 Guadalupensis
682 3664 867 3752 Apparitio
897 3662 1139 3729 celebrabatur
1169 3661 1344 3729 Matutino

278 3764 470 3845 decantate,
487 3773 522 3835 61
547 3768 654 3833 111666
668 3768 824 3845 solemni,
841 3773 876 3833 et
899 3764 1063 3831 concione
1080 3764 1202 3831 habita
1217 3764 1261 3831 ad
1284 3787 1345 3851 po·

281 3872 407 3955 pulum.
435 3875 481 3957 (3)

322 4046 365 4119 (r)
411 4044 549 4106 Diccion.
568 4046 656 4107 Univ.
676 4048 714 4108 de
731 4048 812 4105 Hist.
827 4066 845 4121 y
860 4044 999 4121 Geogral
1018 4040 1067 4101 ubi
1083 4062 1180 4119 supra.

321 4130 366 4201 (2)
409 4130 571 4202 Oqueudo,
590 4128 697 4189 Discit.
714 4128 779 4187 hist
798 4128 885 4187 sobre
899 4128 928 4185 la
944 4122 1117 4200 Aparicion,
1134 4136 1205 4183 tom.
1222 4144 1248 4195 2,
1276 4142 1341 4199 cap.

283 4212 864 4366 9131,1161116616661616166666
892 4288 931 4348 de
948 4284 1079 4357 Mexico,
1099 4284 1148 4347 lib.
1166 4304 1195 4363 3,
1212 4304 1277 4366 cap.
1298 4304 1346 4359 ro,

281 4388 310 4431 u.
328 4389 396 4453 755,
411 4384 518 4455 etseq.
