3625 5217
778 508 841 575 103

316 678 417 746 Hanc
441 680 681 747 Narrationem
711 679 804 767 apud
819 702 856 745 se
886 678 1009 746 habuit
1024 677 1065 745 D.
1096 674 1337 745 Ferdinandus

277 782 363 849 Alva
391 783 614 861 Ixtlixoohitl,
644 805 759 849 rerum
788 787 982 849 nostrarum
999 782 1242 869 peritissimus:
1271 780 1339 847 fuit

277 886 398 953 deinde
415 886 508 974 apud
522 886 564 951 D.
582 886 743 952 carolum
758 885 937 973 Sigrienza,
953 885 1209 972 Presbyterum,
1234 884 1285 950 uti
1301 882 1337 950 in

278 990 364 1068 aliis,
380 990 484 1057 etiam
510 990 547 1055 in
561 988 746 1055 mexioanis
775 988 1043 1075 antiquitatibus
1073 986 1336 1055 eruditissimus.

278 1092 472 1179 Utrumque
484 1097 619 1159 constat
630 1112 673 1159 ex
681 1092 795 1159 verbis
804 1092 916 1180 ipsius
928 1092 1043 1159 Caroli
1056 1092 1234 1179 Sigriane,
1249 1114 1338 1178 quae

278 1194 321 1260 ad
335 1195 486 1261 litteram
502 1195 677 1262 adducunt
691 1194 852 1273 Cabrera,
874 1195 919 1280 (1)
936 1199 971 1261 et
988 1194 1056 1261 alii.

318 1299 619 1366 Eminentissimus
635 1299 843 1378 Lorenzana,
854 1299 936 1365 dum
951 1300 1165 1367 Maxiosnam
1175 1300 1263 1367 rexit
1274 1300 1337 1368 Ar·

190 1488 194 1493 .
277 1401 526 1481 chidioecesim,
540 1402 687 1489 injunxit
713 1403 755 1467 D.
773 1402 897 1468 Oarolo
914 1402 1023 1489 Tapia
1045 1402 1197 1471 Centeno
1214 1408 1253 1469 ut
1267 1402 1339 1469 his·

277 1524 364 1589 pane
380 1508 528 1569 verteret
543 1502 753 1589 praedictam
782 1504 995 1569 Merioanam
1025 1502 1272 1569 Narrationem.
1292 1504 1337 1588 (2)

278 1609 319 1674 D.
345 1608 455 1675 Uribe
472 1609 518 1692 (3)
535 1607 577 1673 de
593 1607 776 1673 existentia
797 1607 996 1673 Merioanae
1023 1606 1240 1675 Narrationis
1269 1607 1340 1695 Ap-

278 1710 458 1797 paritionis
474 1709 754 1797 Guadalupensis
768 1708 805 1777 in
819 1710 975 1777 Merioea
988 1710 1222 1777 Universitate
1237 1710 1340 1779 fidem

279 1818 368 1888 tacit

319 1945 506 2013 Ooeasione
518 1945 621 2031 hujus
633 1942 868 2011 disertationia
893 1940 1116 2027 quaesiisset
1140 1936 1339 2027 Apparitio·

278 2049 332 2115 nis
346 2048 580 2135 manuscripta
590 2047 752 2113 Narratio
763 2047 945 2113 Mexioana
955 2044 991 2110 in
1000 2044 1221 2111 Bibliotheca
1232 2040 1341 2107 Maxi·

280 2173 371 2228 cana,
387 2174 449 2217 neo
463 2151 603 2217 inventa
617 2156 679 2217 est.
703 2149 781 2215 Non
793 2150 929 2227 mirum,
945 2147 1107 2233 quoniam
1119 2146 1228 2212 multa
1242 2142 1341 2211 valde

279 2253 507 2319 aestimabilia
520 2252 660 2319 fuerunt
674 2252 801 2318 amissa
815 2252 851 2317 in
877 2251 1136 2339 perturbatione
1148 2272 1263 2316 rerum
1275 2250 1341 2315 Eo·

279 2356 410 2434 alasiae,
431 2356 530 2421 annis
556 2356 650 2434 1861,
666 2357 707 2421 62
723 2361 758 2422 et
769 2356 820 2434 63,
834 2377 937 2421 eausa
966 2354 1184 2441 spoliationis
1213 2351 1339 2418 biblio·

276 2462 451 2528 thecarum
481 2459 798 2536 ecclesiasticarum,
829 2458 911 2525 dum
941 2456 1022 2524 libri
1048 2455 1092 2523 ad
1121 2452 1339 2521 aformandaa

278 2564 435 2653 publicas
449 2562 679 2630 bibliothecas
702 2561 810 2627 esuis
825 2561 911 2627 loeis
928 2560 1013 2627 moti
1029 2560 1132 2625 luere.

319 2668 415 2751 Quae
431 2667 619 2753 antiquitas
632 2664 868 2731 Narrrationis
883 2663 1083 2729 Merioanae
1095 2660 1341 2745 Guadalupen·

277 2770 325 2837 sis
336 2769 586 2857 Apparitionis‘?
605 2767 756 2835 Maxima
765 2766 917 2852 quidem;
933 2764 1026 2852 quod
1041 2764 1203 2830 facillime
1215 2761 1340 2850 proba·

277 2885 343 2958 tur;
357 2903 436 2945 narn
451 2878 705 2946 eruditissimus
720 2878 761 2942 D.
779 2875 1018 2943 Fordinandus
1036 2874 1078 2941 de
1094 2874 1189 2952 Airai,
1221 2874 1281 2959 qui
1297 2874 1340 2941 de

276 2983 500 3071 Apparitione
513 2982 653 3068 scripsit
662 2986 739 3046 ante
752 3002 878 3046 annum
888 2981 973 3045 1606
988 2979 1043 3044 vel
1055 2978 1149 3055 1616,
1165 2982 1204 3043 ut
1219 2982 1341 3063 postea

278 3086 419 3163 dicetur,
438 3087 483 3169 (4)
500 3084 742 3170 antiquissima
757 3084 881 3149 asserit
896 3106 971 3148 esee
988 3080 1222 3167 manuscripta
1237 3079 1341 3145 mexi-

278 3212 362 3255 oana
373 3187 520 3274 adquae
536 3186 694 3265 refertum
711 3188 758 3269 (5)
775 3191 856 3251 tune
866 3190 991 3263 autem,
1008 3182 1140 3249 scilieet
1152 3205 1242 3247 anno
1257 3182 1341 3247 1606

278 3293 331 3358 vel
347 3292 440 3370 1616,
454 3288 691 3358 tantummodo
703 3291 744 3355 75
759 3289 812 3355 vel
828 3289 870 3354 85
886 3287 967 3353 anni
982 3285 1092 3373 elapsi
1110 3285 1246 3352 fuerant
1260 3288 1342 3372 post

279 3396 546 3485 Apparitionem.
576 3395 672 3478 Quae
685 3400 799 3460 autem
815 3396 856 3460 75
872 3393 981 3459 ve185
997 3392 1094 3458 annis
1107 3397 1186 3479 post
1196 3378 1343 3480 rippari-

279 3500 407 3567 tionem
417 3501 486 3587 jam
509 3498 750 3585 antiquissima
767 3500 861 3585 (muy
887 3495 1060 3582 antiguos)
1082 3501 1179 3562 erant
1206 3517 1344 3561 manus-

281 3656 409 3675 d

321 3737 366 3813 (r)
389 3738 522 3797 Cabrera
535 3756 626 3812 opere
641 3748 670 3797 et
684 3738 753 3796 loco
766 3747 837 3795 ante
848 3734 897 3794 cit.
914 3736 996 3793 mim.
1015 3736 1083 3810 663.

320 3834 365 3911 (2)
388 3834 545 3905 Beristain,
562 3833 682 3893 Bibliot.
696 3845 748 3893 art
766 3831 928 3891 Valeriano
945 3834 982 3891 D.
999 3828 1142 3891 Antonio.

321 3933 367 4008 (3)
391 3932 452 3993 Ubi
468 3952 568 4008 supra.

321 4031 366 4109 (4)
390 4034 427 4091 In
442 4034 478 4108 3*
494 4033 581 4091 Parte
601 4031 688 4108 hujus
705 4027 821 4088 Dissert
836 4030 867 4087 in
883 4028 1045 4104 Comprob.
1061 4038 1091 4087 et
1108 4027 1224 4105 Explan
1240 4028 1345 4087 histor.

280 4134 456 4208 Argument.
472 4130 556 4189 sexti.

260 4220 267 4239 ‘
322 4230 368 4307 (5)
391 4226 548 4289 Florencia
574 4228 702 4287 Estrella
728 4226 778 4285 del
802 4228 897 4287 Norte
928 4225 967 4285 de
984 4223 1113 4299 Mexico,
1129 4242 1193 4301 cap.
1215 4243 1261 4303 13,
1288 4224 1346 4297 38,

283 4334 366 4394 nim.
386 4334 455 4394 160.
