3625 5217
774 554 839 638 tit

285 724 439 832 Virginis
453 724 496 811 (ie
523 723 741 831 Guedalupa,
764 742 876 809 Missa
885 738 1047 821 solemni,
1063 744 1099 807 et
1115 724 1279 806 concione
1295 724 1357 806 lra-

285 846 361 913 bita
376 846 419 914 ad
435 847 602 937 populum
629 848 812 915 Maricano
824 839 1001 927 idiomate,
1025 850 1130 933 atque
1156 849 1260 913 etiam
1277 868 1356 933 pro·

286 952 449 1017 cessione.
473 951 585 1017 Tanta
594 950 734 1039 pietate,
745 957 781 1017 et
792 952 920 1019 eximio
933 971 1049 1017 amora
1066 950 1104 1016 B.
1117 948 1265 1016 Mariam
1277 949 1355 1015 Vir·

286 1053 397 1141 ginem
407 1054 451 1121 de
461 1054 666 1142 Guadalupe
678 1055 752 1120 indi
764 1055 1071 1143 prosequebantur,
1083 1060 1123 1120 ut
1134 1053 1239 1119 etiam
1253 1076 1272 1117 a
1284 1052 1355 1117 dia-

287 1159 365 1226 sitia
379 1162 581 1249 regionibus
597 1160 641 1226 ad
657 1160 732 1246 ejus
745 1160 872 1227 iestum
896 1160 1119 1237 confluerent,
1136 1181 1199 1225 nec
1209 1157 1292 1223 ullis
1307 1158 1356 1223 la-

287 1263 431 1331 boribus
441 1266 495 1331 vel
508 1265 642 1332 itineris
655 1266 845 1351 asperitate
859 1264 974 1331 territi
987 1265 1161 1331 abessent:
1184 1268 1289 1349 atque
1305 1262 1357 1328 ita
1388 1326 1390 1337 ,

287 1370 396 1435 multa
410 1370 584 1457 Deiperae
599 1372 642 1437 de
658 1368 864 1457 Guadslupe
881 1368 1084 1447 offerebant,
1101 1374 1141 1434 ut
1162 1390 1251 1455 quae
1267 1368 1357 1433 elea·
1442 1430 1444 1440 ,

288 1494 450 1559 mosynae
480 1474 517 1539 in
532 1475 594 1541 illo
618 1475 706 1541 ieato
722 1476 983 1561 colligebantur,
1014 1494 1251 1561 quaecumque
1267 1472 1357 1537 elea-

288 1598 449 1663 mosynas
466 1581 499 1643 in
514 1579 593 1646 aliis
608 1578 733 1645 diebus
746 1579 846 1645 iestis
859 1581 1022 1647 collectas
1039 1577 1254 1645 excederent.
1288 1574 1357 1659 Qui

288 1685 402 1745 autem
417 1681 501 1760 indi,
533 1682 633 1770 longo
649 1683 775 1763 dissiti,
803 1684 857 1750 illi
880 1684 970 1751 festo
986 1681 1108 1749 adesse
1121 1682 1268 1749 luissent
1293 1679 1357 1745 im·

288 1790 407 1876 pediti,
421 1791 510 1871 aliis,
524 1799 563 1859 ut·
575 1793 730 1879 ipsorum
744 1794 817 1859 vioe
840 1794 1029 1881 Deiparam
1043 1792 1085 1860 de
1103 1791 1308 1880 Guadalupe
1320 1790 1357 1857 in
1412 1814 1416 1825 ’

288 1893 363 1979 ejus
377 1895 523 1983 Templo
538 1904 784 1965 venerarentur
799 1897 1097 1977 commendabant,
1111 1900 1216 1983 atque
1233 1898 1357 1963 absen-

290 1999 377 2065 tium
393 2002 539 2069 offerent
554 2002 655 2068 dona.
673 2004 720 2087 (l)

325 2104 503 2178 (laudaiae,
532 2128 620 2192 quae
648 2129 710 2193 per
725 2104 867 2193 aliquod
883 2107 1051 2194 temporie
1071 2107 1220 2194 spatium
1243 2126 1356 2170 coram

289 2207 394 2275 Sacra
404 2210 559 2297 Imagine
576 2210 618 2275 de
630 2209 835 2297 Guadalupe
848 2209 985 2277 inerant
997 2232 1169 2289 accensae,
1183 2208 1225 2276 de
1238 2210 1358 2277 Sacer-

289 2312 408 2379 dotum
423 2312 559 2402 Templi
575 2336 690 2380 curam
703 2319 893 2402 gerentium
907 2324 1086 2393 consensu,
1098 2314 1219 2381 fideles
1231 2314 1267 2379 in
1280 2336 1356 2399 pro-

291 2418 384 2505 prias
408 2415 532 2485 domus
547 2419 741 2505 portabant,
766 2423 801 2486 et
824 2420 1009 2486 servabant
1039 2424 1244 2498 reverenter,
1260 2425 1299 2485 ut
1322 2420 1359 2485 in

290 2530 445 2608 tempore
461 2522 694 2589 tribulationie
709 2544 882 2601 accensae,
907 2545 968 2610 pro
984 2522 1202 2612 impetranda
1229 2524 1358 2612 Dcipa·

291 2647 349 2691 rae
365 2625 604 2692 misericordia
618 2626 834 2693 inservirent.
852 2628 898 2711 (2)

333 2729 578 2796 Beneiaotores
592 2730 730 2817 Templi
741 2729 1034 2818 Tepeyaquansis,
1046 2731 1091 2797 ab
1104 2732 1360 2819 antiquissimis

291 2833 504 2921 temporibus
520 2833 625 2900 reiert
639 2834 675 2898 P.
692 2834 883 2911 Florencia,
913 2838 948 2899 et
971 2834 1083 2919 ipsius
1105 2834 1240 2922 Templi
1271 2836 1359 2901 divi·

292 2937 359 3003 tiae
373 2937 700 3025 diligenternarrat
726 2938 773 3021 (3)

333 3042 475 3109 Praeter
489 3042 558 3129 jam
574 3049 762 3107 memorata
776 3039 928 3127 Templa,
945 3046 980 3106 et
996 3040 1140 3120 Sacella,
1158 3047 1193 3109 et
1224 3043 1358 3124 altaria,

292 3146 360 3212 alia
374 3168 513 3233 quoque
529 3147 565 3210 in
577 3146 742 3209 honorem
758 3144 796 3208 B.
816 3144 861 3208 Μ.
879 3142 918 3208 V.
944 3144 987 3209 de
1004 3144 1210 3233 Guadalupe
1241 3149 1285 3215 ab
1301 3170 1360 3214 an·

292 3252 400 3339 tiquie
411 3252 627 3338 temporibus
639 3257 753 3317 erecta
765 3249 914 3316 fuerunt.
930 3250 1103 3317 Sacellum
1116 3250 1236 3317 extitit
1247 3252 1284 3316 iu
1296 3250 1360 3317 Ca·

293 3353 441 3420 thedrali
456 3352 686 3438 Oaxaquensi:
702 3350 826 3415 altaria
842 3350 967 3415 Marici
980 3351 1125 3416 extitere
1141 3351 1176 3415 in
1192 3351 1360 3417 Ecclesiie

292 3459 409 3525 Sancti
420 3458 602 3536 Dominici,
612 3462 647 3523 et
659 3456 779 3523 Sancti
791 3457 986 3544 Augustini,
998 3464 1033 3523 et
1045 3456 1192 3545 Collegii
1204 3458 1357 3537 Maximi,

212 3601 217 3609 ·
292 3568 327 3628 et
341 3564 476 3630 Domus
498 3559 737 3626 Professorum
752 3560 968 3646 jesuitarum,
985 3567 1088 3645 atque
1105 3560 1228 3627 Patres
1244 3560 1360 3627 Socia-

293 3667 375 3733 tatia
389 3666 475 3732 Jeeu
492 3664 616 3731 ieetum
632 3686 759 3731 annum
774 3666 948 3752 Deiparae
979 3664 1021 3731 de
1038 3664 1244 3751 Guadalupe
1272 3665 1359 3731 cale·

332 3885 376 3961 (r)
420 3883 587 3956 Floreucia,
604 3860 730 3943 Ettrells
744 3884 796 3943 del
811 3886 907 3944 Norte
922 3884 961 3945 de
979 3882 1110 3956 Mixico,
1127 3902 1192 3961 cap.
1209 3904 1258 3961 30,
1273 3890 1359 3948 num.

336 3986 366 4041 6.

294 4000 380 4160 ³²(2)
422 4082 587 4156 Florencia,
606 4082 647 4145 ib.

333 4186 380 4261 (3)
423 4184 549 4244 Fatrella
562 4184 613 4245 del
628 4184 723 4245 Norte
737 4184 777 4246 de
792 4182 924 4260 Mexico,
939 4201 1004 4263 cap.
1019 4201 1067 4261 32,
1084 4201 1122 4261 3³
1139 4194 1169 4245 et
1186 4202 1233 4261 34.
