3625 5217
781 500 843 579 101

282 674 349 753 nisi
360 684 454 773 quod
468 674 504 752 in
519 684 754 772 manuscripto
776 683 819 751 de
835 702 905 770 quo
919 683 957 763 P,
981 672 1170 764 Florenoia,
1201 676 1344 749 eventus

283 818 344 884 per
358 798 496 863 modum
512 796 686 863 annalium
708 797 912 874 referuntur,
941 800 1045 880 atque
1067 792 1118 858 ita
1132 790 1235 857 ctiam
1251 790 1287 855 in
1302 812 1344 855 eo

283 900 325 966 de
341 924 410 987 quo
424 900 643 967 Bartolache:
659 897 908 985 quodquidam
935 896 1195 963 fundamentum
1210 893 1343 959 nullum

284 1010 346 1083 est;
360 1028 438 1071 nam
464 1004 629 1070 identitas
644 1003 699 1067 vel
714 1002 891 1068 distinctio
906 1000 1052 1066 duorum
1082 998 1266 1065 Annalium
1282 1020 1344 1085 per

284 1106 435 1194 ipsorum
466 1106 754 1195 comparationem
771 1104 893 1171 debuit
922 1102 1147 1191 comprobari,
1178 1102 1267 1167 sicut
1282 1122 1344 1187 per

283 1206 491 1293 praedictam
518 1206 807 1293 comparationem
823 1206 1008 1293 probatum
1024 1210 1077 1271 est
1105 1204 1265 1283 Annales,
1282 1204 1343 1291 qui

284 1308 320 1375 in
332 1310 530 1377 Maricanae
545 1308 763 1376 cathedralis
773 1308 1001 1387 Bibliotheca,
1018 1308 1105 1373 alios
1115 1328 1191 1373 esse
1201 1306 1245 1373 ab
1261 1307 1341 1387 illis,

283 1414 342 1499 qui
357 1413 393 1479 in
407 1413 630 1479 Bibliotheca
643 1412 900 1479 Universitatia

324 1512 411 1579 Prae
426 1512 535 1579 oculis
549 1534 618 1577 nou
633 1510 746 1577 habeo
768 1511 920 1577 Annales
935 1510 978 1577 de
993 1510 1121 1597 quibus
1147 1510 1184 1577 P.
1202 1510 1344 1581 Floren-

284 1614 343 1694 cia,
353 1638 462 1701 eaque
473 1619 615 1703 propter
627 1614 836 1701 praedictam
849 1613 1137 1700 comparationem
1150 1614 1262 1681 iacere
1273 1638 1342 1683 non

284 1740 435 1804 poaanm;
455 1740 572 1784 verum
592 1717 794 1803 exiia,qnae
817 1717 860 1783 de
872 1716 944 1781 illis
964 1716 1049 1783 dicit
1063 1716 1138 1805 ipse
1153 1716 1342 1801 Florencia,

284 1818 417 1886 videtur
431 1843 491 1887 eos
505 1820 656 1886 Annales
671 1821 759 1885 alios
773 1842 849 1885 esse
864 1818 1001 1897 abillis,
1015 1820 1075 1905 qui
1090 1820 1127 1885 in
1156 1820 1343 1889 Cathedre-

285 1922 309 1987 li
323 1922 510 2001 Maricana,
526 1929 562 1989 et
582 1923 627 1987 ab
642 1922 722 2001 illia,
747 1921 790 1987 de
805 1920 933 2007 quibus
948 1920 1162 1989 Bartolache.
1207 1924 1344 1991 Iudicat

284 2024 373 2091 enim
402 2025 439 2090 P.
466 2025 646 2091 Florencia
676 2024 712 2089 in
731 2023 923 2091 Annalibus
952 2024 995 2089 de
1017 2024 1145 2109 quibus
1160 2025 1245 2113 ipse,
1276 2029 1344 2093 col·

284 2128 401 2214 loqnia
428 2128 468 2193 Β.
485 2128 524 2195 V.
552 2149 629 2193 curn
643 2126 778 2192 Joanne
806 2124 941 2191 Didaco
965 2126 1141 2205 contineri,
1172 2148 1260 2213 quae
1275 2148 1344 2193 non

283 2230 453 2297 habentur
469 2232 505 2295 in
520 2229 713 2295 Annalibus
723 2228 950 2307 cathedralis,
967 2236 1002 2295 et
1014 2228 1267 2296 Universitatia
1284 2230 1344 2295 Ait

284 2333 425 2421 iusuper
453 2332 491 2399 Ρ.
515 2332 695 2398 Florencia
722 2331 885 2411 Annales,
914 2332 1100 2418 dequibus
1129 2332 1214 2419 ipse,
1245 2356 1343 2401 even·

283 2442 340 2502 tua
361 2459 499 2503 narrare
519 2458 627 2501 annos
650 2440 686 2500 et
701 2457 834 2500 menses
856 2434 1078 2521 designando:
1094 2436 1130 2501 in
1152 2436 1344 2503 Annalibus

282 2561 362 2607 vero
377 2539 595 2607 Osthedralis
624 2539 706 2605 anni
721 2544 854 2603 tantum
878 2537 1112 2625 designantur,
1129 2545 1165 2607 et
1187 2542 1345 2608 similiter

281 2642 319 2707 in
331 2642 525 2709 Annalibus
543 2640 796 2719 Universitatis,
811 2640 865 2705 uti
881 2646 1025 2727 apparet
1054 2664 1100 2709 ex
1116 2644 1253 2710 illorum
1270 2652 1343 2711 tex·

283 2746 378 2812 tibus
393 2744 560 2811 adductis.

324 2848 467 2915 Fortase
478 2855 548 2915 tres
560 2852 661 2915 erunt
675 2847 712 2912 hi
724 2846 885 2925 Annales,
898 2846 1041 2915 scilicet:
1057 2848 1117 2937 qui
1132 2850 1345 2920 aFlorencia

281 2950 474 3030 laudantur,
491 2951 551 3037 qui
567 2950 602 3015 in
616 2949 829 3017 bibliotheca
843 2949 1099 3031 Universitatis,
1115 2958 1150 3019 et
1165 2954 1226 3040 qui
1241 2956 1277 3023 in
1291 2956 1343 3023 bi·

282 3065 456 3132 bliotheca
466 3066 684 3133 Cathedralis
698 3065 904 3131 Maricanae.

324 3168 533 3235 Laurentius
550 3168 712 3234 Boturini
728 3170 774 3252 (1)
791 3166 884 3255 apud
899 3189 936 3233 se
952 3167 1115 3234 habuisse
1132 3168 1255 3235 asserit
1276 3170 1344 3236 tria

283 3272 517 3357 manuscripta
532 3273 711 3337 mexicana
725 3270 767 3337 de
778 3270 833 3335 his
844 3292 933 3356 quae
947 3270 991 3335 ad
1002 3270 1218 3337 Maxioanum
1230 3272 1344 3361 Impe-

281 3374 372 3439 rium
387 3373 543 3454 attinent,
555 3374 593 3440 in
614 3374 743 3461 quibus
765 3373 926 3439 omnibus
938 3373 1216 3461 Gundalupensis
1242 3376 1281 3442 B.
1295 3378 1341 3443 Μ.

281 3476 320 3543 Y.
337 3476 520 3564 Apparitio
534 3478 685 3544 breviter
699 3476 913 3543 narrabatur.
931 3475 1076 3543 Illorum
1103 3478 1343 3564 antiquitatem

279 3602 317 3645 ae
333 3580 558 3666 probaturum
574 3580 699 3646 asserit
721 3579 919 3667 praedictus
935 3580 1105 3645 Boturini.

322 3680 452 3747 Notum
468 3682 628 3749 omnibus
642 3691 696 3749 cst
706 3684 751 3749 D.
769 3684 992 3751 Laurentium
1004 3686 1174 3767 Boturini,
1199 3690 1344 3777 sumpti-

283 3782 359 3863 bus,
375 3790 411 3849 et
425 3782 599 3851 indefesso
614 3786 742 3867 labore,
758 3788 859 3875 plura
873 3787 972 3854 valde
989 3790 1219 3859 aestimabilia
1234 3793 1344 3863 adres

283 3893 475 3969 mexicanas
487 3892 694 3978 pertinentia
709 3896 932 3983 congessisse,
945 3921 1091 3985 quorum
1108 3898 1343 3966 collectionem

283 3996 450 4081 Musaeum
461 3996 631 4061 indictam
642 4000 859 4085 nuncupavit

323 4097 369 4162 At
382 4096 540 4184 nunquid
554 4096 621 4164 tria
635 4098 720 4165 haec
735 4102 977 4191 manuscripta,
994 4126 1083 4191 quae
1109 4106 1204 4193 apud
1229 4129 1266 4173 se
1281 4106 1343 4175 ha-

285 4234 414 4251 —

321 4302 366 4384 (ι)
389 4305 537 4382 Cattlogo
549 4304 599 4367 del
622 4307 732 4369 Museo
757 4310 896 4385 Indiano,
916 4313 1073 4389 §XXXV,
1089 4318 1173 4377 adm.
1192 4335 1218 4388 2,
1233 4336 1261 4393 3.

1217 4412 1258 4479 13
