3625 5217
777 613 840 681 143

277 778 406 857 habuit,
433 803 574 869 remque
602 784 698 871 juxta
720 784 923 851 hodiernum
952 788 1114 854 scientiae
1145 786 1336 874 profectum

278 892 504 973 considerans,
528 897 663 961 etiamsi
680 898 912 964 infirmitatem
942 920 1010 963 non
1026 902 1163 983 reputet
1178 918 1217 961 ex
1232 918 1267 961 se
1281 894 1338 959 in-

277 996 473 1074 sanabilem,
488 1005 602 1065 tamcn
614 1001 815 1066 miraculum
825 1000 913 1065 dixit
927 1000 1020 1085 quod
1034 1022 1108 1065 cum
1126 998 1284 1064 monialis
1302 998 1337 1062 in

277 1120 442 1166 summam
458 1103 658 1185 gravitatem
676 1104 878 1183 devenisset,
896 1104 1012 1170 statim
1044 1104 1224 1169 sanitatem
1241 1127 1336 1169 recu·

276 1205 414 1285 perard.
457 1206 555 1271 Haec
577 1208 691 1273 omnia
707 1208 780 1299 fuse
797 1214 987 1275 tractantur
1009 1208 1044 1273 in
1061 1230 1164 1293 opere
1181 1207 1235 1271 cui
1252 1208 1333 1274 titu-

277 1301 339 1384 lua‚
371 1304 475 1372 &rulo
502 1310 614 1374 Morio
639 1311 677 1373 ‹t›
697 1312 884 1397 Gaoriulupr
914 1312 1059 1377 Pon-ona
1076 1312 1113 1373 cle
1142 1308 1186 1373 lor
1202 1310 1335 1375 trierim-

275 1406 375 1493 ⁷10⁸‚§
396 1410 490 1488 XVI,
514 1412 604 1479 num.
636 1416 699 1479 325
728 1422 764 1481 et
793 1414 1027 1499 sequentibus,
1055 1419 1125 1500 cyp.
1157 1412 1230 1477 edit
1245 1436 1334 1477 anno

277 1512 360 1577 1884
375 1512 418 1577 de
434 1514 609 1581 Ordinarii
621 1517 767 1585 licentia

316 1624 395 1689 Alia
422 1627 593 1693 mirabilia
618 1635 800 1695 narrantur
826 1630 870 1694 ab
900 1628 1110 1705 auctoribus;
1126 1628 1171 1713 (1)
1188 1626 1249 1693 sed
1265 1649 1333 1691 non

275 1747 411 1793 necesse
427 1735 480 1796 est
495 1732 608 1797 omnia
633 1732 770 1799 referre:
788 1734 1024 1800 tantummodo
1049 1735 1204 1801 nonnihil
1220 1734 1334 1801 dicen·

273 1826 352 1893 dum
368 1830 411 1896 de
441 1834 582 1919 speciali
608 1836 646 1902 B.
678 1836 724 1901 M.
756 1837 795 1904 V.
822 1838 1035 1924 protectione
1062 1838 1225 1903 adversus
1255 1858 1332 1923 pes·

274 1937 351 2010 tem,
368 1941 403 2000 et
419 1959 480 2021 pro
493 1940 723 2005 conservanda
744 1942 838 2029 apud
852 1965 915 2007 nos
930 1964 1010 2006 vera
1026 1941 1198 2029 religione.
1244 1942 1332 2005 Gon-

273 2037 364 2105 sulto
380 2039 424 2103 ab
434 2040 698 2127 Archipraesule
710 2044 865 2110 Mexiceo
881 2044 1154 2131 Metropolitano
1170 2043 1332 2131 Capitulo

273 2164 377 2231 anper
393 2144 549 2211 Civitatis
566 2146 634 2225 (del
645 2148 925 2233 Ayuntamiento)
940 2148 1104 2235 petitione
1117 2147 1158 2213 de
1175 2146 1333 2233 eligenda

273 2246 310 2313 Β.
328 2247 374 2311 Μ.
394 2248 430 2313 V.
446 2249 488 2314 de
501 2249 704 2337 Gnadalupc
718 2250 753 2315 in
768 2250 998 2337 Principalem
1014 2250 1207 2328 Patronem,
1225 2272 1331 2335 quan·

273 2349 318 2413 do
347 2352 494 2417 terribili
524 2358 620 2439 peste
634 2354 883 2421 urbsMcxicsa
909 2354 1104 2430 vexabatur,
1131 2374 1220 2419 anno
1236 2353 1329 2432 1737,

273 2453 362 2548 inter
373 2454 441 2519 alin
452 2456 537 2522 haec
548 2456 583 2521 in
595 2457 748 2543 Capituli
759 2457 981 2543 responsione
994 2457 1174 2523 habentur:
1188 2456 1262 2521 “En
1274 2478 1330 2520 ra·

272 2558 340 2625 rias
356 2559 596 2645 epidemiasde
606 2560 659 2627 los
671 2562 777 2649 siglos
793 2560 941 2649 pasadoa
956 2561 1087 2655 dedier
1102 2586 1124 2649 y
1137 2564 1205 2627 aeia
1220 2556 1330 2648 ydiez

270 2664 401 2751 ysiete,
412 2664 692 2751 principalmente
708 2686 751 2729 en
762 2664 918 2730 ladelfin
934 2664 989 2733 del
1002 2668 1066 2730 ario
1083 2664 1125 2729 de
1141 2666 1182 2729 96
1199 2687 1220 2749 y
1237 2662 1329 2749 prin·

271 2768 380 2853 cipios
395 2767 438 2833 de
453 2770 510 2835 97.
525 2823 530 2834 ,
545 2824 551 2833 .
567 2824 572 2833 .
595 2767 744 2855 despuas
759 2766 802 2833 de
815 2769 927 2835 varias
944 2767 1161 2855 procssionee
1189 2786 1329 2853 genera-

271 2873 330 2949 les,
343 2873 546 2960 rogatirasy
558 2875 776 2962 espirituales
788 2874 983 2954 remedia„
998 2928 1003 2940 .
1019 2930 1023 2940 .
1040 2930 1044 2940 .
1065 2894 1128 2959 por
1139 2872 1261 2939 riltimo
1278 2893 1328 2936 ra·

270 2974 364 3061 fugio
376 2998 413 3041 se
429 2976 575 3063 imploro
591 2977 624 3043 el
639 2978 766 3043 anxilio
775 2978 818 3043 de
833 2983 909 3044 esta
919 2976 1106 3045 Santlsima
1117 2978 1258 3061 Imagen
1272 2973 1328 3051 (de

269 3078 485 3167 Guadulupe)
502 3104 567 3166 por
581 3104 628 3145 un
643 3082 828 3147 novenario
857 3104 924 3167 que
941 3080 1094 3147 hicieron
1124 3079 1176 3146 los
1206 3079 1328 3145 Tribu-

270 3184 374 3261 nnles,
386 3183 580 3270 Cabildosy
591 3183 852 3259 comunidadea
863 3208 885 3271 y
897 3208 934 3251 se
949 3179 1180 3271 experimento
1191 3183 1225 3249 la
1234 3181 1328 3270 apla-

270 3289 388 3353 caciou
410 3288 452 3354 de
469 3288 504 3353 la
529 3288 655 3353 Divina
683 3288 841 3367 Juaticia,
869 3286 1016 3354 assando
1046 3290 1277 3353 enteramente
1294 3286 1329 3351 la

270 3390 472 3479 epidemia'’
492 3393 547 3472 (2).

311 3496 410 3560 Anno
426 3496 511 3561 1544
525 3495 601 3560 dira
615 3501 712 3581 peste
728 3498 846 3581 paucis
861 3494 985 3560 diebus
1001 3493 1184 3581 plusquam
1200 3491 1329 3559 duode-

267 3600 335 3665 cim
351 3599 459 3665 millia
474 3600 650 3665 hominum
662 3600 697 3664 in
724 3598 862 3685 oppidis
878 3598 969 3663 cirea
994 3596 1167 3662 Mexicum
1191 3595 1331 3663 interie-

268 3708 356 3767 runt·
368 3701 521 3787 religiosi
531 3702 648 3768 Sancti
657 3702 831 3767 Francisci
843 3701 885 3767 de
898 3699 1101 3766 Tlaltelolco
1113 3699 1329 3785 processione

267 3805 490 3871 devotissima
505 3804 548 3870 ad
565 3803 770 3891 Tepeyacatl
783 3802 953 3869 (luxerunt
964 3803 1081 3891 plures
1094 3824 1218 3891 pueros
1230 3802 1330 3867 indos

269 3926 396 3939 ,-

310 3997 354 4073 (ι)
397 3995 541 4057 Videatur
567 3994 733 4055 interalios
763 3998 792 4055 P.
816 3994 971 4055 Florencia
999 3993 1030 4052 in
1058 4012 1149 4070 opere
1164 3992 1212 4052 cui
1227 3992 1331 4053 titulus

270 4098 396 4157 Estrella
410 4096 458 4156 del
475 4098 569 4156 Norte
584 4097 623 4156 de
639 4096 769 4165 Mexico,
781 4114 844 4173 cap.
868 4115 902 4171 ¹9
918 4106 947 4154 et
963 4112 1025 4169 seq.

310 4195 354 4269 (2)
383 4196 469 4271 Quae
480 4193 518 4251 ad
533 4190 789 4269 archipraesulem
801 4190 957 4269 respondit
972 4190 1154 4268 Capitulum,
1176 4188 1290 4266 integra
1304 4202 1334 4249 et

267 4294 306 4353 ad
321 4294 447 4354 litteram
464 4294 546 4351 affert
562 4292 701 4363 Cabrera,
718 4291 840 4351 Escudc
854 4293 893 4353 de
909 4294 1017 4369 Armes
1031 4290 1070 4349 de
1087 4286 1215 4359 Mexico,
1241 4286 1290 4347 lib.
1305 4308 1333 4387 ᾇ,

268 4411 331 4477 cap.
349 4394 377 4465 8,
393 4392 476 4451 nbm.
494 4410 509 4471 5
513 4411 553 4468 34
568 4398 600 4451 et
615 4387 832 4479 sequentibus·
