3625 5217
763 600 828 668 Μ

277 772 314 839 di
330 772 444 840 cultus
459 774 504 840 ab
528 770 968 841 orornaeossoclesiasuco
998 768 1213 857 approbatio.
1237 766 1341 853 Quod

278 873 368 940 idem
394 873 577 940 dicendum
593 880 647 941 eet
661 874 705 939 de
731 873 856 939 ceteris
882 872 1043 939 omnibus
1070 870 1175 958 hujus
1203 870 1340 959 generis

278 976 524 1044 instrumentis„
555 978 602 1043 Et
619 984 796 1065 praeterea
820 998 984 1063 expresse
1011 976 1178 1043 asseritur
1192 972 1340 1063 Appari·

280 1078 338 1159 tio,
357 1084 390 1145 in
404 1086 611 1147 testamento
625 1082 649 1148 J
649 1103 780 1148 cannae
795 1080 976 1147 Martinae.

340 1183 483 1251 Praeter
511 1186 597 1252 haec
625 1186 864 1263 instrumente,
892 1184 962 1251 ulia
988 1182 1080 1271 apud
1110 1206 1147 1251 ee
1177 1180 1340 1277 habuisse

280 1288 403 1354 asserit
423 1288 595 1369 Boturini,
613 1291 659 1375 (1)
678 1288 888 1379 pertinentia
918 1287 962 1355 ad
989 1288 1081 1377 piam
1104 1286 1340 1354 fundationem

281 1388 317 1453 in
341 1389 485 1477 Templo
505 1390 777 1479 Tepeyaquenei,
807 1393 845 1458 in
859 1392 1011 1459 favorem
1035 1412 1236 1479 pauperum,
1253 1412 1342 1477 quae

281 1493 407 1559 cultum
423 1494 463 1559 Β.
491 1493 528 1560 M
563 1494 602 1563 V.
619 1495 662 1562 de
688 1495 894 1583 Gondalupe
918 1494 1067 1582 probant
1096 1494 1344 1582 atemporibua

281 1596 566 1685 Apparitionibua
595 1600 772 1687 proximis,
788 1607 824 1667 et
846 1599 956 1665 multo
972 1598 1154 1686 posterius.
1200 1598 1254 1663 En
1269 1596 1345 1683 ejue

282 1701 393 1766 verba·
411 1700 592 1770 “Pruebun
606 1704 640 1771 el
655 1705 711 1773 cul
727 1728 749 1770 o
778 1703 884 1771 deede
899 1702 953 1769 los
976 1706 1123 1790 tiempos
1138 1699 1345 1767 inmediatos

283 1799 369 1868 diae
382 1802 609 1890 Apurioiones
630 1828 653 1894 y
670 1806 795 1873 mueho
810 1806 990 1894 despuee.”

324 1907 434 1975 Uribe
452 1910 498 1995 (2)
525 1915 561 1978 et
590 1910 713 1979 Guridi
728 1912 871 1979 Aleoser
889 1913 936 1990 3)
960 1914 1203 1977 testamentum
1233 1906 1341 1973 citant

283 2015 468 2103 Gegoriae
480 2016 622 2097 Mariae,
635 2017 763 2085 fuctum
790 2040 879 2085 anno
904 2019 998 2096 1559,
1015 2038 1129 2083 coram
1158 2014 1346 2082 tabellione

282 2126 658 2207 HieronimoMorulee,
675 2129 852 2196 mexicano
877 2129 1052 2207 idiomate,
1083 2126 1126 2194 de
1142 2148 1221 2213 quo.
1249 2126 1347 2213 juxta

285 2232 435 2310 Alcoeer¹
453 2234 497 2317 (4,
516 2232 621 2299 simul
646 2255 724 2299 cum
741 2233 889 2321 hispana
903 2232 1015 2321 ipsius
1038 2230 1205 2311 versione,
1234 2250 1346 2297 exem·

283 2336 391 2425 pluria
401 2338 608 2425 transcripta
623 2337 961 2413 circumferebantur,
984 2336 1019 2402 iu
1029 2357 1109 2423 quo,
1122 2339 1157 2401 et
1167 2330 1347 2421 praedium

283 2441 447 2509 rusticum
461 2441 604 2527 legatur,
615 2447 650 2508 et
662 2440 943 2528 Guedalnpensie
953 2439 1138 2527 Apparitio
1150 2436 1346 2504 affirmator.

325 2544 438 2622 Multi,
454 2543 568 2629 inquit
592 2542 727 2623 Guridi,
759 2546 806 2627 (5)
823 2544 888 2609 lroc
903 2547 1146 2609 testamentum
1162 2540 1250 2607 illud
1271 2558 1349 2607 esse

285 2646 503 2725 contendunt,
520 2647 613 2734 quod
641 2648 796 2714 Journae
812 2646 984 2713 Martinae
1015 2645 1176 2713 attribuit
1204 2644 1349 2711 Emmue

284 2750 491 2830 Lorenzana,
507 2774 549 2817 eo
560 2750 653 2837 quod
668 2752 873 2817 conveniunt
884 2754 916 2817 in
928 2750 1004 2816 loco
1018 2749 1078 2816 ubi
1088 2752 1227 2837 peracta
1242 2745 1348 2825 fuere,

284 2868 320 2929 et
347 2863 383 2928 in
398 2862 534 2927 nomine
550 2863 758 2943 tabellionis,
789 2884 902 2929 coram
933 2884 1003 2949 quo
1030 2861 1122 2928 facta
1150 2859 1298 2937 luerunt,
1315 2862 1351 2925 ot

284 2966 378 3051 quod
393 2965 429 3031 in
440 2972 586 3053 utroque
601 2968 748 3053 legatum
761 2966 969 3053 relinquitur
982 2966 1019 3031 B.
1034 2966 1080 3031 llL
1097 2964 1136 3031 V.
1154 2964 1196 3031 de
1212 2961 1351 3031 (luada-

285 3070 377 3157 lupe:
420 3071 466 3135 At
483 3092 571 3145 vero,
587 3070 637 3135 uti
651 3071 876 3136 ratiocinatur
891 3069 1091 3157 praedictus
1119 3067 1272 3143 Alcoeer‚
1289 3087 1351 3131 nu-

287 3172 434 3240 llatenus
450 3173 658 3240 credendum
673 3174 833 3239 Emmum
849 3173 1050 3239 Lorenzana
1072 3172 1121 3239 itu
1136 3170 1285 3259 turpiter
1299 3190 1351 3235 cr·

287 3297 380 3342 rasae
396 3276 432 3341 in
447 3282 637 3344 nominent
660 3277 735 3343 looo
757 3275 933 3359 Grrportrae
950 3274 1079 3339 rliuricw
1108 3278 1351 3341 testamentum

288 3378 536 3465 adjudicaverit
557 3382 702 3445 ‘Ioannou
724 3378 896 3455 Martiano,
913 3379 1061 3445 manime
1077 3378 1159 3445 dum
1176 3378 1301 3446 asserit
1316 3398 1354 3445 ee

287 3483 412 3549 vidisse
428 3490 670 3549 testamentum
685 3483 709 3549 J
710 3505 840 3548 oannae
867 3482 1050 3549 Murtiuae:
1065 3487 1101 3548 et
1116 3486 1295 3569 praeterea
1309 3479 1353 3548 de

287 3587 311 3652 J
312 3609 420 3652 canoa
430 3587 579 3654 Martinu
592 3588 718 3653 dicitur
736 3586 830 3674 quod
844 3587 867 3654 J
869 3586 972 3653 rranni
987 3585 1121 3653 Didaco
1151 3582 1353 3673 propinqui·

329 3769 356 3838 (ι
363 3777 374 3839 j
417 3765 561 3840 Cataldgo
576 3763 625 3823 del
642 3764 752 3824 Museo
770 3762 909 3833 Indiano,
924 3764 938 3839 ξ
952 3764 1000 3839 36,
1020 3760 1102 3821 ndm.
1124 3781 1150 3839 9.

329 3884 374 3955 (2)
415 3882 541 3941 Sermon
557 3896 672 3941 terreto
687 3881 726 3940 de
742 3882 778 3939 N.
796 3882 911 3941 Seriora
925 3882 964 3941 de
979 3880 1167 3955 Guadalupe.
1197 3880 1232 3938 ln
1248 3877 1352 3939 editio·

290 3978 411 4039 ocanni
427 3982 500 4037 1821
525 3999 623 4040 errore
639 3979 813 4057 typographi
830 3982 936 4057 legitur
951 3980 1094 4057 Gregoria
1112 3978 1251 4040 Morales.

330 4078 375 4153 (3)
419 4079 566 4157 Apologia
583 4081 623 4141 de
637 4080 666 4137 la
687 4077 853 4155 Aparicion
868 4092 926 4139 etc.
953 4096 1018 4155 cap.
1039 4094 1084 4157 15,
1100 4088 1231 4137 tractans
1246 4076 1285 4137 de
1300 4075 1357 4139 ins·

289 4184 453 4255 trumentis.

330 4282 376 4357 lo
416 4284 461 4344 lb·

330 4382 372 4463 (⁵)
415 4382 461 4446 lb
