3625 5217
962 594 1028 667 264

465 796 487 841 a
500 793 683 861 regnorum
696 770 841 837 istorum
857 772 1140 857 procuratoribus
1152 773 1397 841 ecclesiasticis
1412 778 1446 841 et
1460 796 1532 841 sae-

465 875 640 943 cularibus
656 872 776 939 eadem
791 874 831 939 B.
847 874 891 939 M.
909 875 947 940 V.
962 874 1004 940 de
1021 874 1224 963 Guadalupe
1242 876 1365 941 harum
1381 878 1532 965 partium

462 979 614 1046 Patrona
628 977 798 1064 generalis
812 978 923 1043 electa
937 977 1011 1045 fuit.
1037 978 1162 1045 Statim
1184 978 1325 1065 publica
1341 985 1376 1046 et
1392 988 1532 1068 sponta-

463 1106 528 1149 nea
543 1078 697 1147 laetitiae
713 1077 962 1146 demonstratio
979 1086 1197 1168 patronatum
1215 1082 1429 1169 praedictum
1445 1108 1531 1151 uun·

465 1184 572 1252 tievit.
603 1185 651 1266 (1)

506 1290 574 1356 Dic
590 1289 630 1354 12
647 1287 848 1353 Decembris
860 1286 1014 1373 ejusdem
1032 1289 1112 1354 anni
1134 1289 1343 1355 Patronetns
1358 1293 1531 1377 generalis

463 1392 653 1481 publicatio
682 1390 774 1456 lecte
802 1390 870 1455 luit
899 1390 936 1455 in
961 1390 1226 1478 Tepeyaquensi
1248 1390 1403 1479 Templo,
1428 1394 1531 1459 itera·

463 1501 500 1562 to
513 1495 716 1581 juramento,
731 1499 766 1561 et
796 1494 1092 1581 archiepiscopali
1116 1494 1241 1562 Edicto
1265 1490 1411 1562 recitato
1441 1497 1534 1563 inter

462 1601 648 1667 Missurum
680 1599 856 1666 solemnia
886 1598 1133 1684 Archipraesul
1157 1624 1198 1667 ne
1226 1601 1361 1667 adesset
1388 1602 1532 1669 adversa

462 1704 657 1771 valetudine
672 1702 739 1769 fuit
754 1700 950 1789 impeditus.
971 1704 1017 1785 (2)

412 1824 417 1833 ’
505 1807 647 1874 Praeter
673 1806 773 1872 urbis
795 1805 974 1893 publicum
991 1812 1160 1886 ornatum,
1189 1830 1275 1896 pene
1304 1809 1340 1874 in
1368 1810 1531 1875 omnibus

462 1910 537 1997 ejus
567 1909 707 1998 templis
723 1909 917 1976 celebratus
933 1908 1000 1975 luit
1014 1910 1185 1996 generalis
1196 1911 1405 1978 Patronatus
1422 1913 1459 1977 Β.
1478 1912 1524 1977 Μ.

461 2012 500 2081 V.
517 2012 561 2079 de
583 2012 795 2099 Guadalupe.
829 2015 878 2093 (3)

502 2115 604 2181 Anno
615 2115 700 2181 1746
716 2113 884 2201 scriptum
895 2112 962 2180 fnit
972 2112 1129 2177 ultimum
1142 2136 1213 2201 cap.
1233 2116 1348 2201 operis
1364 2114 1530 2201 anetani

461 2218 621 2296 (labrare,
638 2220 693 2285 cui
706 2219 829 2284 titulus
846 2217 972 2281 Escruto
984 2217 1022 2281 de
1037 2218 1159 2283 Armua
1174 2218 1211 2283 dc
1226 2220 1356 2297 Mc'ricc,
1368 2219 1418 2286 uti
1435 2224 1531 2305 patet

460 2321 626 2408 exipsius
641 2321 766 2409 capitis
781 2344 862 2387 num
887 2321 982 2386 1001.
1020 2320 1073 2385 Eo
1089 2324 1203 2386 autem
1221 2344 1320 2393 anno,
1347 2328 1386 2387 ut
1402 2322 1435 2387 in
1451 2322 1530 2409 ipso

461 2448 535 2514 cap.
546 2430 702 2501 testatur,
721 2426 767 2507 (4)
780 2425 971 2491 nouaclum
984 2423 1113 2489 dicata
1127 2423 1340 2505 Decembris,
1352 2425 1413 2493 sed
1425 2426 1529 2491 etiam

461 2528 733 2616 uniuscujusque.
746 2529 874 2595 mensis
887 2528 927 2593 12
943 2527 1018 2593 dies
1041 2527 1219 2615 plausibili
1235 2528 1453 2595 solemnitate
1470 2552 1528 2595 ce-

459 2632 660 2699 lebrabatur
674 2633 711 2698 in
722 2631 862 2719 templis
873 2630 998 2697 Mexici
1012 2630 1118 2697 urbis.
1141 2632 1320 2717 Frequens
1333 2634 1435 2698 etiam
1448 2638 1529 2699 tunc

461 2741 536 2801 erat
551 2738 585 2801 in
600 2757 705 2824 regno
720 2735 825 2802 trium
842 2734 974 2800 dierum
1001 2735 1218 2801 solemnitate
1244 2734 1530 2823 Guadalupenses

460 2836 707 2925 Appsritionee
722 2837 907 2905 celebrare.
927 2842 974 2921 (5)

503 2942 590 3009 (lum
606 2948 721 3009 autem
736 2965 777 3008 eo
793 2947 959 3028 ternpore,
977 2964 1047 3028 quo
1062 2943 1101 3008 B.
1133 2942 1180 3009 M.
1197 2941 1236 3007 V.
1253 2942 1294 3007 de
1323 2942 1528 3031 Guedalupe

460 3046 749 3112 Patronaharum
780 3050 931 3133 partium
947 3046 1153 3113 universalis
1183 3046 1248 3111 luit
1273 3046 1393 3125 electa,
1423 3046 1528 3113 etiam

461 3149 596 3217 meliori
611 3148 714 3215 modo
729 3156 923 3216 strueretur
938 3151 1057 3217 Altare
1080 3150 1191 3235 majus
1206 3149 1383 3215 Ecclesiae
1399 3150 1528 3216 Metro-

460 3254 636 3343 politanus
652 3254 865 3331 Maricanae,
883 3254 1131 3340 aequissimum
1148 3254 1258 3317 visum
1274 3252 1341 3319 luit
1356 3252 1391 3317 in
1407 3252 1528 3319 eodem

459 3346 572 3424 Alteri
597 3356 788 3443 Imaginem
804 3357 842 3421 B.
872 3358 918 3422 Μ.
936 3356 1089 3443 Virginis
1112 3356 1155 3422 de
1171 3355 1389 3444 Guadalupe,
1406 3362 1527 3443 utpote

460 3463 641 3540 Patronus,
671 3462 844 3528 collocari:
884 3462 978 3547 quod
1009 3462 1150 3547 quidem
1175 3461 1303 3527 lactum
1331 3462 1527 3549 irritatque

459 3568 510 3634 ibi
524 3567 678 3654 reposita
689 3571 744 3632 eet
758 3566 879 3651 Imago
891 3566 1181 3652 Gnadelupensis,
1195 3588 1283 3652 quae
1299 3566 1407 3653 ipsius
1421 3567 1445 3633 J
1447 3590 1528 3633 oan-

459 3679 514 3747 nis
543 3678 668 3745 Dideci
696 3677 838 3765 propria
867 3677 990 3757 luerat,
1015 3678 1112 3763 cujus
1139 3676 1294 3755 historia,
1325 3676 1527 3745 brevissime

457 3788 603 3861 narrata,
621 3782 666 3848 sd
680 3780 881 3849 Sacristiam
897 3782 1086 3870 legebatur.
1114 3783 1295 3866 Quomodo
1306 3784 1390 3852 haec
1406 3786 1526 3873 Imago

499 3976 544 4052 (ι)
566 3975 706 4043 Cabrera,
722 3972 844 4033 Escudo
856 3973 894 4035 de
906 3976 1016 4035 Arnas
1030 3974 1274 4045 neutericum.
1288 3996 1316 4049 4,
1329 3996 1393 4059 cap.
1408 3976 1525 4061 sibime,

496 4076 543 4150 (2)
586 4074 727 4144 cabrera,
746 4071 785 4130 ib.
1181 4117 1185 4125 .

492 4175 537 4250 (3)
580 4174 720 4244 Cabrera,
735 4171 774 4231 ib.
791 4172 840 4232 lib.
863 4194 891 4250 4,
907 4192 973 4253 cap.
991 4174 1108 4248 lrltimo,
1125 4196 1154 4237 n.
1176 4180 1261 4239 1008.

496 4275 542 4355 (4)
584 4276 791 4337 me1008.

493 4373 538 4453 (5)
559 4376 698 4477 Cabrera,
713 4376 754 4452 ib,
767 4375 819 4438 lib.
831 4396 858 4455 4,
871 4394 939 4485 cap.
949 4375 1070 4475 ultimo,
1088 4398 1116 4443 n.
1137 4382 1223 4477 1908.
