3625 5217
760 592 824 661 lae

263 764 299 847 in
314 765 455 851 palliolo
473 766 598 851 (Ayan)
613 764 638 832 J
638 766 759 831 oannis
772 762 897 829 Didaci
912 763 1019 830 fuisse
1035 763 1217 851 depictam,
1234 784 1322 850 opus

264 891 338 934 esse
353 868 623 954 supernaturale,
639 874 675 934 et
685 874 854 934 secretum
865 866 1012 933 Divinae
1024 866 1199 952 Maiestati
1214 888 1323 931 reser-

265 978 386 1037 vatum:
406 970 501 1050 “Qus
516 972 549 1037 el
562 978 655 1038 astar
666 993 708 1036 en
720 971 753 1037 al
764 972 874 1059 Ayate
890 966 1323 1061 6Ti1madotdiohoJuan

265 1070 384 1155 Dioge,
400 1073 602 1159 estampada
622 1073 657 1138 la
671 1072 775 1139 dicha
798 1071 941 1158 Imageu
956 1070 998 1137 de
1013 1070 1163 1137 Nuestra
1193 1070 1323 1138 Seirora

266 1176 306 1241 de
322 1174 535 1261 Guadalupe,
552 1174 698 1261 sueyse
724 1174 812 1240 debe
827 1172 1010 1260 atribuiry
1026 1172 1190 1239 entender
1215 1173 1324 1239 haber

265 1279 338 1345 sido
353 1278 439 1345 ebra
453 1277 692 1343 sobrenatural
706 1301 730 1365 y
745 1281 877 1343 secreto
902 1276 1086 1343 reservado
1101 1274 1120 1342 a
1146 1277 1181 1342 la
1196 1276 1323 1343 Divina

264 1382 472 1471 Magestarlss'
491 1382 537 1467 (l)

304 1486 467 1551 Peritiam
482 1487 607 1551 horum
623 1485 793 1573 pictorum
808 1484 913 1550 etiarn
930 1490 1077 1551 testatur
1093 1478 1252 1551 Cabrera
1273 1484 1319 1567 (2)

304 1596 437 1663 Adsciti
449 1618 588 1681 quoque
599 1595 695 1663 fuere
706 1594 834 1661 Medici
847 1600 928 1673 tres,
945 1594 1123 1661 Doctorali
1134 1594 1253 1661 laurea
1264 1594 1322 1661 de·

265 1700 379 1779 curati,
390 1708 426 1767 et
435 1700 626 1767 cathedras
636 1699 832 1765 obtinentes
843 1698 879 1763 in
888 1695 1322 1777 MexicanaUuiversitate,

264 1807 332 1891 qui,
348 1812 470 1892 utpote
485 1804 589 1892 periti
604 1802 641 1869 in
652 1802 807 1891 physicis
817 1803 932 1881 rebus,
949 1801 991 1869 de
1007 1803 1131 1870 Sacrae
1157 1802 1323 1891 Imaginia

264 1908 519 1975 conservatione
534 1907 699 1993 judicium
709 1907 844 1973 ferrent.
862 1906 923 1973 Illi
939 1913 1063 1987 antem,
1079 1907 1147 1973 loci
1162 1906 1324 1993 adjuncta

264 2011 524 2101 perpendentes,
540 2008 703 2095 quoniam
725 2009 830 2076 Sacra
852 2010 975 2097 Imago
1004 2016 1139 2077 serrata
1153 2014 1207 2077 est
1233 2010 1323 2077 circa

264 2118 373 2204 ripam
388 2118 483 2181 lacus
499 2114 541 2181 de
556 2114 704 2190 Tereum,
716 2113 828 2180 ventis
838 2112 1000 2193 humidis,
1013 2120 1048 2181 et
1063 2098 1198 2182 callidis
1208 2114 1322 2181 afflan-

264 2222 366 2299 tibus,
393 2224 429 2285 et
457 2218 562 2285 etiam
577 2218 669 2285 nitro
684 2224 839 2297 nocente,
855 2224 926 2289 tam
943 2218 1047 2307 longo
1063 2221 1230 2307 temporis
1245 2241 1322 2307 spa·

265 2328 323 2403 tic,
339 2323 481 2401 seilicet,
497 2329 634 2390 centum
649 2329 685 2389 et
699 2322 841 2407 triginta
855 2330 892 2391 st
902 2324 1055 2412 quinque
1072 2308 1247 2403 annorum,
1262 2327 1323 2414 qui

264 2430 308 2494 ab
323 2426 549 2514 apparitione
572 2426 789 2508 transierant,
818 2426 915 2513 juxta
930 2434 1073 2497 naturae
1089 2430 1182 2519 leges
1197 2430 1323 2517 Imagi-

264 2555 340 2599 nem
355 2532 423 2617 jam
438 2530 648 2596 destructam
668 2529 784 2610 fui-se,
800 2530 999 2599 inevitabile
1015 2532 1192 2613 dixerunt
1207 2538 1241 2601 ct
1256 2556 1324 2601 non
1352 2583 1359 2595 .

262 2636 331 2703 nisi
342 2634 545 2700 miraculose
562 2657 624 2720 per
646 2634 734 2701 illud
763 2641 900 2723 tempus
915 2634 1036 2701 illaesa
1062 2658 1126 2701 sua
1153 2636 1273 2715 forma,
1290 2643 1325 2701 et

263 2743 387 2809 viridis
413 2740 596 2820 coloribus
623 2740 660 2807 in
674 2740 763 2827 apati
777 2738 916 2827 depicta
937 2737 976 2803 Β.
995 2738 1041 2805 Μ.
1059 2738 1099 2817 V,
1129 2736 1172 2803 de
1188 2734 1328 2803 Gnade.

264 2848 344 2933 lupe
361 2847 480 2933 Imago
508 2844 665 2933 potuisse
680 2865 887 2932 permanere.
916 2844 961 2927 (3)

304 2969 472 3034 Stantem
499 2966 623 3034 Sacrae
648 2964 817 3051 Imaginis
831 2986 894 3053 per
920 2970 1055 3031 acutum
1086 2970 1122 3031 et
1133 2962 1275 3049 triginta
1290 2970 1326 3027 et

264 3072 416 3157 quinque
428 3091 536 3135 annos
549 3068 772 3147 conservatio
783 3069 896 3137 ventis
905 3068 1068 3148 humidis,
1079 3075 1114 3133 et
1129 3066 1275 3147 callidis,
1291 3072 1326 3131 et

264 3175 355 3240 nitro
366 3174 403 3239 in
415 3173 623 3240 contrarium
636 3172 827 3258 agentibus,
839 3174 1029 3260 peritorum
1040 3172 1169 3259 judicio
1182 3170 1327 3238 miraeu-

265 3280 337 3343 losa
346 3276 414 3343 dici
428 3278 560 3355 debuit,
572 3283 803 3364 opportunum
823 3276 982 3343 ducimus
994 3275 1274 3354 animadvertere,
1287 3282 1326 3340 ut

265 3381 368 3467 hujus
389 3380 496 3467 judici
511 3380 656 3447 firmitas
667 3381 777 3469 magis
791 3402 831 3447 ac
846 3380 956 3467 magis
968 3380 1189 3468 percipiatur,
1205 3378 1242 3444 in
1257 3376 1326 3443 illis

306 3585 350 3659 (r)
381 3580 548 3641 videantur
563 3582 637 3639 haec
652 3580 744 3639 sosius
758 3580 840 3657 apud
853 3582 877 3640 F
878 3579 1022 3651 turencio,
1039 3579 1167 3639 Estrella
1181 3579 1230 3639 del
1247 3580 1274 3638 N
1278 3598 1325 3639 or·

266 3695 294 3740 te
308 3684 347 3741 de
363 3681 493 3752 Menoe,
510 3699 574 3756 cap.
609 3684 724 3755 13.§4,
754 3686 837 3740 num.
870 3684 935 3757 136,
963 3694 992 3741 et
1019 3678 1325 3757 sequentibus—Vi—

265 3782 392 3850 deantur
408 3778 498 3840 etiam
514 3780 617 3849 Uribe,
645 3781 768 3842 Dissert
809 3780 1049 3843 Hister-critica
1076 3782 1160 3840 sobre
1186 3781 1214 3838 la
1230 3777 1328 3857 Apart-

265 3877 333 3936 cion
349 3878 389 3937 de
417 3878 547 3938 Nuestra
574 3879 687 3940 Schera
711 3880 750 3939 de
774 3882 1064 3957 Guadalupe‚§XI;
1090 3892 1120 3939 et
1132 3880 1254 3951 Toruei,
1285 3881 1327 3938 La

268 3976 429 4053 Aparicion
444 3977 484 4037 de
496 3975 629 4039 Nuestra
651 3977 767 4039 Seriom
781 3979 820 4039 de
835 3980 1022 4055 Cordalum,
1049 3992 1119 4043 tom.
1141 4000 1165 4047 1.
1191 3998 1255 4058 cap.
1272 3980 1325 4039 XI.

306 4077 351 4152 (2)
395 4076 519 4135 Escudo
532 4077 571 4136 de
585 4096 684 4136 armas
699 4078 737 4137 de
754 4076 884 4149 Mexico,
899 4078 950 4139 lib.
967 4098 996 4155 3,
1008 4098 1073 4157 cap,
1094 4098 1139 4148 12,
1156 4077 1240 4166 ndm.
1258 4080 1325 4156 619.

303 4175 348 4250 (3)
390 4174 613 4235 Videatur‘hoc
634 4174 727 4235 tesius
742 4178 824 4253 apud
840 4178 1004 4250 Florencia
1016 4174 1117 4255 ,opere
1132 4189 1162 4237 et
1176 4196 1232 4255 cap
1247 4175 1295 4237 cit
1315 4181 1329 4253 ἓ

265 4272 504 4351 5.-Videantur
526 4273 615 4336 etiam
645 4276 785 4351 Cabrera,
802 4296 903 4355 opere,
931 4278 984 4337 lib.
1001 4290 1030 4337 et
1058 4296 1122 4355 cap.
1153 4277 1213 4343 cit..
1244 4281 1326 4337 adm.

263 4374 332 4445 620,
347 4384 378 4433 et
392 4373 506 4434 Tomel
517 4392 609 4451 opere
622 4384 654 4435 et
666 4392 732 4453 cap.
748 4374 798 4436 cit
