3625 5217
939 598 1005 669 184

483 773 604 862 Elooio
618 772 658 840 de
673 732 824 840 Nieeotra
850 772 973 841 ecem
988 772 1028 840 de
1045 772 1258 860 omdalupe,
1283 770 1418 861 jorodo
1432 764 1499 838 Pa·

441 887 544 949 trono
557 880 597 948 de
611 880 661 947 loe
675 879 903 946 Zaoatooonos.
949 878 1032 966 Typ.
1050 878 1101 945 ed.
1119 901 1172 945 on.
1189 878 1283 947 1762.
1316 878 1361 965 (1)

482 1054 534 1122 68.
565 1051 722 1141 Venegee
736 1050 773 1121 P.
791 1050 953 1131 Michoel
969 1050 1043 1119 Soc.
1060 1051 1157 1132 sonu,
1170 1050 1232 1137 qui
1248 1050 1404 1119 Latinum
1419 1048 1501 1115 Liu-

439 1178 552 1245 gusm
575 1160 612 1223 et
640 1154 872 1235 Rhetoriosm
899 1158 936 1225 et
952 1152 1212 1244 Philosophiam
1241 1154 1277 1221 in
1298 1152 1501 1241 jesuitarum

439 1258 623 1328 Mexiosuo
653 1256 799 1345 oollegio
825 1257 1029 1325 Sanctorum
1063 1256 1311 1345 Apostolorum
1342 1255 1438 1324 Petri
1466 1257 1502 1321 et

439 1365 549 1445 Pauli,
565 1384 697 1431 necnon
719 1368 756 1430 et
776 1362 945 1430 Moralem
959 1363 1181 1451 Theologiem
1204 1369 1243 1431 ut
1257 1363 1426 1451 Magister
1440 1360 1501 1429 do·

440 1468 519 1537 uuit·
537 1468 589 1535 vir
603 1489 673 1533 nou
688 1465 790 1533 modo
800 1464 1022 1544 scientiarum
1037 1466 1357 1547 ecelesiasticorum,
1381 1487 1499 1533 verum

439 1578 475 1640 et
489 1572 633 1640 alierum
649 1570 793 1659 peritus,
811 1572 858 1659 (2)
873 1571 935 1657 qui
950 1572 1040 1640 inter
1056 1571 1124 1639 elie
1140 1574 1244 1640 etiem
1260 1573 1401 1663 scripsit

482 1676 649 1763 Hymuum
673 1674 709 1739 in
735 1673 861 1740 laudem
883 1676 923 1741 B.
942 1674 986 1741 M.
1012 1676 1099 1742 ude
1134 1676 1330 1763 Gondalope.
1376 1674 1500 1742 Latine

438 1776 598 1866 seriptus,
613 1782 650 1845 et
663 1776 808 1864 hispane
831 1777 1020 1845 translatus
1049 1783 1119 1867 typ.
1137 1779 1203 1847 luit
1232 1778 1284 1846 eil
1303 1778 1501 1857 snn017653

437 1882 500 1950 sed
513 1888 632 1950 suotor
646 1881 735 1948 obiit
751 1902 803 1946 eu
820 1880 913 1948 1764.
933 1881 978 1967 (3)

481 2055 532 2123 69.
555 2051 698 2121 Beltrun
712 2052 754 2119 D.
771 2051 976 2133 Ludovieus,
992 2052 1125 2121 Dootor
1139 2054 1176 2121 in
1190 2054 1345 2122 Mexioeo
1354 2052 1500 2123 Univer-

438 2156 551 2239 siteto‚
567 2161 603 2224 et
617 2156 855 2223 Portiouortus
869 2156 906 2222 in
921 2156 1112 2245 Collegieto
1137 2158 1293 2225 Ecclesia
1319 2158 1359 2224 B.
1386 2154 1433 2223 M.
1458 2156 1500 2223 V.

438 2259 481 2327 de
497 2258 710 2348 Guedelupe‚
736 2261 782 2345 (4)
806 2260 947 2348 eoripsit

481 2363 642 2451 Elpoder
654 2366 743 2433 wore
756 2364 804 2431 las
817 2386 920 2449 oquae
933 2364 1018 2431 dudo
1031 2367 1053 2429 ά
1080 2364 1177 2430 Ntro.
1195 2363 1318 2433 sonora
1332 2366 1364 2431 lo
1387 2366 1501 2451 Virqm

437 2465 553 2533 Morio
573 2490 611 2534 en
623 2488 662 2533 su
675 2468 805 2552 Imaqen
818 2466 857 2532 de
876 2466 1071 2554 Guodolupe.
1089 2468 1173 2555 Typ.
1192 2466 1242 2535 ed.
1260 2490 1312 2535 uu.
1331 2468 1425 2536 1765.
1452 2470 1498 2551 (5)

480 2655 531 2725 70.
555 2656 685 2725 Voldez
700 2656 739 2722 D.
756 2655 969 2737 Emmanuel,
994 2646 1220 2725 humanorum
1232 2658 1426 2725 litterarum
1441 2680 1501 2747 pe·

436 2759 536 2841 ritus,
553 2760 600 2847 (6)
616 2760 765 2849 seripsit

480 2863 608 2931 Mucius
621 2871 740 2931 eouetoo
753 2868 776 2931 (t
789 2865 821 2931 lo
836 2863 1010 2949 mdceoroso
1026 2862 1204 2949 Aporictim
1229 2862 1267 2929 de
1283 2864 1426 2929 Nueetra
1442 2861 1500 2931 Se-

435 2978 517 3035 uera
530 2966 570 3033 de
596 2967 792 3055 Omutolupe.
821 2965 907 3054 Typ.
927 2964 978 3033 ed.

484 3070 581 3140 olona
593 3069 778 3156 dclsamoeo
805 3076 908 3137 coneto
936 3071 957 3133 ά
973 3067 1115 3133 Neutra
1130 3064 1253 3134 Seuero
1267 3067 1306 3135 de
1335 3070 1500 3137 Gondalo-

430 3200 473 3266 pe
486 3178 525 3245 de
539 3178 582 3246 D.
600 3178 682 3245 Lucis
696 3176 862 3245 Sandoval
875 3176 1011 3261 bupalo.
1049 3172 1134 3259 Typ.
1151 3172 1203 3239 ecl
1224 3173 1269 3259 (7)

477 3280 557 3349 Nou
570 3282 731 3371 exprimit
738 3279 1002 3369 bibliographus
1014 3276 1153 3365 quando
1168 3277 1252 3347 haee
1268 3280 1361 3369 typis
1373 3281 1502 3350 fuerint

436 3385 608 3465 mundata
622 3386 684 3454 sed
713 3385 830 3472 eliquo
859 3384 962 3451 modo
993 3384 1113 3471 conjioi
1139 3385 1267 3471 poterit
1296 3408 1337 3452 ex
1351 3386 1501 3473 eoquod

435 3492 556 3556 auctor
580 3488 649 3555 elie
663 3491 755 3578 typis
769 3486 880 3556 edidit
904 3486 949 3553 sb
963 3509 1053 3553 enno
1075 3487 1167 3568 1767,
1191 3492 1227 3555 et
1251 3486 1422 3587 deiuoeps
1452 3490 1499 3577 (8)

476 3680 522 3758 (1)
565 3680 668 3743 Berist
688 3682 727 3743 ib.

476 3781 522 3861 (s)
545 3780 701 3855 Beristaiu,
718 3779 839 3843 Bibliot.
855 3793 909 3843 art.
925 3783 1064 3861 Venegas
1081 3786 1113 3845 P.
1132 3784 1258 3862 Miguel,

476 3882 521 3963 (3)
543 3882 701 3961 Beristein,
718 3883 838 3959 Bibliot
853 3896 907 3947 art.
923 3886 1063 3965 Venegas
1079 3889 1111 3948 P.
1130 3886 1255 3965 Miguel.

476 3984 521 4065 (4)
544 3982 702 4057 Berisum,
718 3982 839 4045 Bibliot.
856 3995 909 4045 art.
927 3984 1047 4045 Beltran
1063 3988 1099 4047 D.
1118 3984 1201 4049 Luis.

475 4083 522 4162 (5)
544 4080 700 4157 Beristain,
715 4081 836 4144 Bibliot.
851 4093 904 4143 art.
922 4083 1043 4144 Beltrau
1060 4086 1098 4145 D.
1116 4084 1195 4147 Lois.

470 4182 517 4259 (6)
539 4179 697 4253 Beristain,
714 4180 832 4243 Bibliot.
849 4193 905 4243 art.
926 4182 1040 4243 Valdez
1059 4184 1095 4245 D.
1114 4186 1249 4246 Manuel.

471 4282 516 4357 (7)
538 4277 693 4353 Beristaiu,
708 4278 829 4341 Bibliot
850 4292 903 4342 art.
921 4282 1035 4345 Valdez
1055 4284 1092 4345 D.
1118 4284 1252 4349 Mauuel.

473 4380 518 4491 (8)
541 4378 697 4456 Beiistaiu,
713 4379 753 4445 ib.
