3625 5217
772 586 837 655 263

317 756 395 825 Non
409 763 525 824 autem
540 758 628 825 illud
655 758 893 825 tautummodo
907 755 1172 824 desiderabatur
1187 752 1281 840 quod
1296 748 1335 819 B.

276 860 321 926 M„
337 861 377 927 V.
408 860 452 927 de
468 861 672 950 Guadalupe
687 862 814 929 Marici
841 860 938 928 urbis
953 859 1105 926 Patrona
1134 856 1337 945 principalis

277 961 470 1041 haberetur,
481 986 599 1029 verum
614 964 718 1031 etiam
734 969 955 1053 patronatum
971 962 1046 1048 ejus
1061 960 1105 1027 ad
1122 966 1232 1027 totum
1247 958 1337 1047 Reg-

276 1094 355 1139 num
367 1074 550 1141 extendere
565 1075 786 1142 vehementer
800 1075 1014 1163 exoptabant
1029 1071 1094 1139 viri
1110 1070 1165 1137 illi
1175 1068 1336 1158 piissimi:

276 1182 486 1263 quapropter
502 1178 620 1245 stetim
635 1200 676 1245 ea
691 1178 734 1244 de
749 1200 787 1243 re
802 1177 846 1244 ad
862 1178 949 1245 alias
976 1180 1094 1266 partes
1110 1172 1252 1239 missum
1273 1176 1336 1239 est.

277 1276 406 1343 Eodem
421 1301 503 1365 ergo
518 1302 608 1345 anuo
624 1281 708 1347 1737
723 1280 1015 1369 Angelopolituna
1029 1279 1171 1357 Civitas,
1186 1283 1222 1345 et
1246 1277 1338 1345 civi-

278 1384 340 1459 tas,
353 1381 408 1446 oui
421 1382 760 1462 nomenValladolid,
773 1406 862 1470 quae
874 1383 1042 1450 Civitates
1057 1388 1139 1449 sunt
1150 1382 1339 1469 Episcopa-

279 1485 337 1564 les,
353 1492 594 1572 procuratores
617 1488 869 1555 constituerunt
890 1509 955 1575 pro
970 1486 1161 1553 Patronatu
1176 1484 1338 1576 generali,

278 1591 313 1653 et
326 1586 511 1673 specialem
527 1588 712 1655 Patronem
734 1588 802 1655 sibi
818 1590 996 1675 elegerunt
1010 1588 1050 1655 Β.
1062 1587 1109 1654 Μ.
1125 1587 1164 1656 V.
1182 1585 1230 1653 'de
1246 1588 1339 1655 Gua-

278 1695 414 1783 dalupe,
429 1702 523 1783 quod
538 1699 573 1764 in
590 1698 742 1786 ipsarum
772 1699 961 1765 Civitatem
992 1697 1260 1766 Oathedralibus
1275 1698 1340 1765 Ec·

279 1799 392 1867 clesiis
415 1802 615 1869 solemniter
630 1803 697 1869 luit
712 1802 934 1869 celebratum.
951 1803 998 1885 (l)

319 1922 572 1989 Animadvertit
583 1923 735 1990 Cabrera
746 1946 794 2003 se,
808 1930 951 2013 propter
963 1924 1116 1990 locorum
1129 1922 1340 1999 distantiam,

278 2048 345 2091 non
355 2026 456 2113 plene
468 2028 583 2093 omnia
594 2050 696 2114 posse
708 2050 878 2112 enarrare,
894 2048 982 2113 quae
995 2027 1038 2094 ed
1054 2026 1239 2115 specialem
1254 2024 1342 2091 elec'·

280 2130 405 2197 tionem
418 2132 457 2197 B.
473 2131 514 2197 ll.
527 2132 566 2198 V.
580 2131 623 2199 de
636 2131 1080 2219 GuadalupeiuPatronam
1092 2129 1197 2196 variis
1207 2130 1244 2195 in
1258 2127 1343 2195 locis

280 2235 354 2298 acta
377 2232 485 2312 luere;
507 2256 625 2301 verum
649 2235 744 2322 quod
762 2235 888 2303 attinet
911 2236 955 2303 ad
976 2234 1084 2322 Regni
1105 2237 1341 2315 Patronatum,

280 2342 317 2403 ut
331 2338 381 2405 ait
395 2340 464 2419 ille,
478 2348 719 2427 procuratores
734 2345 990 2411 constituerunt
1004 2344 1125 2411 eodem
1142 2365 1231 2410 anno
1258 2342 1342 2409 1737

280 2440 454 2522 Civitates,
478 2446 607 2531 quibus
622 2448 760 2513 nomina
785 2448 1035 2527 Guadalaxara,
1062 2448 1238 2533 Durango,
1251 2445 1345 2513 Gua-

279 2547 413 2627 temala,
430 2548 577 2629 Oaxaca,
593 2573 683 2637 quae
699 2573 817 2618 omnes
840 2558 947 2631 erant,
964 2556 999 2618 et
1010 2550 1112 2617 modo
1143 2550 1247 2617 etiam
1262 2553 1344 2617 suut

279 2645 444 2717 Civitates
459 2652 693 2740 Episcopales
718 2656 765 2736 (2)

320 2778 434 2843 Etiam
447 2780 535 2847 aliae
551 2783 717 2851 Civitates
734 2809 802 2852 non
813 2783 1048 2873 Episcopales,
1062 2788 1097 2849 et
1112 2781 1180 2847 alia
1195 2781 1271 2847 loca
1286 2778 1343 2845 oi·

279 2880 395 2948 vitatis
411 2883 578 2970 dignitate
600 2909 669 2953 non
697 2888 893 2975 gaudentia,
909 2884 1086 2952 Maxioeae
1117 2881 1215 2948 urbis
1231 2900 1342 2947 exem·

280 2984 373 3070 plum
386 2986 589 3055 imitandum
602 2989 670 3056 sibi
685 2994 949 3078 proposuerunt,
962 2988 1034 3054 sive
1046 2986 1082 3051 in
1094 2982 1238 3071 speciali
1250 2982 1342 3048 Gua-

279 3086 460 3174 dalupensi
476 3096 660 3177 patronatu
683 3090 751 3156 sibi
774 3088 995 3178 providendo,
1021 3093 1056 3153 et
1084 3086 1147 3152 illo
1170 3082 1343 3149 celebran-

280 3188 332 3268 do,
349 3190 423 3255 sive
435 3190 470 3257 in
482 3191 634 3277 generali
646 3196 839 3277 patronatu.
853 3190 956 3255 Tales
966 3188 1061 3254 luere
1074 3185 1250 3261 (divitates,
1266 3179 1342 3267 qui-

278 3292 342 3359 bus
358 3293 497 3358 nomina
512 3294 712 3376 Queretaro,
728 3292 866 3369 Tolnca,
880 3288 1036 3365 Gholula,
1051 3292 1087 3353 et
1108 3287 1193 3364 loca,
1215 3280 1342 3369 quibus

148 3389 152 3398 '
279 3397 417 3463 nomina
431 3396 524 3461 Villa
539 3396 581 3461 de
598 3396 754 3473 Carreum
770 3395 802 3461 S.
819 3394 944 3481 Miguel
960 3393 993 3459 el
1008 3387 1156 3468 Grande,
1172 3388 1279 3454 Senta
1293 3383 1343 3451 Fe

280 3500 320 3566 de
336 3500 566 3583 Guanajuato,
581 3500 734 3577 Zamora,
750 3497 1051 3585 Aguascalientes,
1065 3498 1127 3559 eto.
1146 3492 1192 3573 (3)

320 3605 421 3669 Anno
437 3604 531 3670 1746.
575 3603 748 3668 Mexicum
764 3602 983 3677 advenerunt,
1000 3620 1088 3684 quae
1111 3616 1173 3683 per
1188 3593 1341 3659 locorum

280 3703 479 3771 distantiam
494 3704 603 3770 dilata
617 3704 752 3769 lucrant
772 3704 936 3791 specialia
959 3699 1119 3767 mandata
1132 3698 1176 3763 de
1191 3691 1341 3783 generali

280 3806 469 3875 Patronatu
485 3808 523 3872 B.
543 3808 587 3872 M.
603 3808 642 3873 V.
659 3807 702 3873 de
718 3807 934 3892 Guadalupe;
950 3824 1094 3889 cumque
1105 3800 1221 3868 omnia
1235 3798 1342 3864 adim-

284 3912 376 3998 pleta
390 3916 515 3990 essent,
532 3910 588 3977 dis
604 3912 626 3975 4
640 3909 853 3987 Decembris,
869 3908 904 3973 in
921 3901 1215 3997 Archiepisoopali
1230 3900 1340 3998 domo³

320 4124 365 4200 (ι)
409 4122 552 4192 Cabrera,
568 4120 607 4180 ib.
625 4120 673 4179 lib.
705 4139 732 4192 4,
749 4137 815 4218 cap.
836 4136 883 4195 ¹3.

320 4226 365 4305 (ι)
407 4224 547 4293 Cabrera,
564 4220 603 4279 ib.

318 4332 362 4436 (ᾗ)
405 4330 547 4420 cabrera,
561 4325 601 4417 ila
