3625 5217
793 598 857 677 261

289 762 461 866 helicium,
477 780 571 872 quocl
586 806 629 851 eo
656 782 761 851 titulo
789 782 1000 863 recolebant,
1013 780 1200 849 maximnm
1226 780 1301 847 erat
1326 766 1362 847 sl

289 890 471 976 singulare.

331 995 432 1061 Anno
447 998 542 1073 1737,
568 994 624 1061 dic
650 996 692 1061 27
714 994 855 1081 Aprilis,
887 987 1002 1059 coriam
1031 992 1208 1059 mexicano
1234 991 1356 1060 Archi-

288 1098 448 1183 praesule
475 1095 673 1165 astantibus
699 1096 853 1184 Capituli
868 1096 1139 1185 Metropolitum,
1163 1102 1198 1164 et
1213 1096 1355 1184 Capitu-

289 1201 313 1266 li
330 1201 491 1268 Civitatis
506 1200 691 1289 deputatis,
707 1200 746 1265 B.
764 1199 810 1265 Μ.
828 1198 867 1264 V.
884 1200 929 1265 de
954 1200 1160 1287 Guadalupe
1185 1200 1357 1289 princips-

289 1304 332 1370 lis
345 1305 494 1371 Patrona
505 1306 679 1371 Mexiceue
693 1302 790 1369 urbis
802 1301 995 1387 juramento
1008 1302 1074 1369 fnit
1085 1304 1203 1385 electa,
1216 1304 1357 1372 Archis-

290 1408 424 1495 piscopi
438 1410 645 1495 interposita
659 1407 877 1483 auctoritate,
889 1410 1057 1490 quantum
1071 1406 1197 1493 dejure
1210 1406 1262 1475 ias
1272 1416 1354 1475 erat

290 1510 464 1577 Praestito
478 1511 545 1577 hoo
572 1512 775 1596 juramento,
799 1509 835 1574 in
864 1507 1024 1575 omuibus
1054 1510 1217 1599 Templis,
1234 1515 1357 1581 solam-

291 1621 389 1697 niori,
405 1641 476 1704 qua
501 1618 595 1705 apud
611 1640 675 1683 nos
689 1620 744 1681 est
765 1615 802 1679 in
825 1636 901 1691 usu,
923 1637 1164 1701 campanarum
1191 1618 1358 1704 pulsatio-

291 1746 344 1800 ne,
360 1723 559 1789 tumetium
584 1718 736 1809 publicis
751 1740 813 1804 per
828 1719 949 1785 urbem
979 1719 1132 1785 laetitiae
1149 1721 1358 1789 testimoniis

292 1824 492 1911 praedictus
506 1821 716 1886 Patronatus
738 1819 918 1887 nuntiatus
930 1820 1003 1887 luit
1022 1822 1068 1907 (l)

335 1928 521 1993 Decretum
535 1927 641 1993 etiam
656 1925 724 1991 luit
753 1926 879 1992 testum
894 1926 1133 2015 apparitionis
1159 1933 1288 1999 servari
1315 1932 1357 2001 de

293 2034 487 2116 praecepto,
517 2029 659 2094 Sacrum
690 2028 871 2107 audiendo,
887 2037 924 2096 at
939 2032 1104 2099 cessando
1134 2036 1178 2101 ab
1193 2036 1358 2125 operibus

293 2131 482 2209 servilibus,
499 2135 603 2216 atque
617 2130 720 2216 :inter
743 2128 911 2196 solemnia
937 2132 1026 2199 fosta
1053 2134 1176 2215 civilia,
1203 2159 1292 2225 quae
1307 2138 1359 2206 di·

294 2236 458 2301 cebantnr
472 2233 511 2297 dc
538 2233 649 2311 Tatio,
666 2232 845 2311 recenseri,
863 2255 938 2299 cunr
954 2236 1022 2321 jam
1039 2260 1059 2301 a
1075 2237 1234 2325 pluribus
1260 2243 1359 2309 anuis

294 2343 382 2409 inter
398 2343 458 2408 illa
473 2343 561 2409 testa
576 2349 823 2421 numeraretur,
847 2365 936 2430 quae
966 2343 1169 2411 dicebantur
1184 2345 1226 2413 de
1257 2348 1356 2415 Corte.

294 2446 393 2511 Unda
410 2445 529 2511 civiles
544 2446 770 2532 Magistratus
793 2446 1062 2533 Tepeyaquense
1084 2447 1263 2537 Templum
1290 2454 1359 2519 sin·

293 2548 384 2633 gulis
399 2548 499 2613 annis
515 2548 659 2615 adirent.
677 2550 724 2628 (2)
846 2547 854 2571 ‘

336 2651 507 2717 Solemnis
522 2652 651 2719 indicta
666 2654 731 2719 luit
761 2654 948 2739 processio,
980 2676 1067 2739 quae
1084 2656 1134 2721 ita
1163 2656 1229 2724 luit
1244 2658 1358 2745 splen·

295 2752 375 2819 dida
404 2760 443 2818 ut
467 2755 617 2841 amplius
633 2757 708 2821 lieri
732 2778 800 2821 nou
830 2755 1013 2841 potuisset:
1033 2778 1074 2821 ex
1090 2758 1360 2847 Metropolitsua

294 2858 450 2923 Ecclesia
465 2880 602 2945 egressa
633 2860 700 2924 fuit
716 2859 772 2925 die
795 2858 837 2923 25
865 2858 949 2923 lllaii
965 2858 1076 2945 ipsius
1093 2861 1172 2926 anui
1197 2863 1282 2932 1737
1297 2864 1358 2930 ho·

294 2982 332 3025 ra
346 2960 450 3025 tertia
475 2968 511 3027 et
532 2961 678 3027 dimidia
701 2961 909 3049 vespertina:
933 2961 1073 3027 adiuero
1090 2962 1359 3034 confraternita-

295 3064 340 3130 tis
356 3067 541 3145 universae,
554 3071 590 3131 et
605 3066 745 3131 Fratres
758 3065 853 3131 tertii
868 3062 1008 3131 Ordinis
1025 3066 1057 3133 S.
1078 3068 1262 3155 Augustini
1278 3076 1314 3136 et
1325 3070 1360 3137 S.

294 3166 477 3247 Francisci,
503 3174 539 3235 et
568 3168 769 3255 Religiones
790 3167 1135 3249 Bethlehemitarum,
1163 3175 1198 3237 et
1227 3170 1359 3239 Carita-

295 3268 349 3347 tis,
365 3278 401 3337 at
415 3272 533 3338 Sancti
547 3272 571 3337 J
573 3272 695 3338 oannis
719 3270 762 3337 de
778 3271 865 3349 Deo,
882 3275 918 3336 et
942 3271 981 3336 B.
997 3271 1043 3336 M.
1057 3271 1098 3339 V.
1114 3272 1167 3339 de
1187 3272 1358 3359 Mercede,

296 3379 332 3437 et
346 3374 619 3454 carmelitarum,
635 3382 671 3440 et
686 3375 802 3441 Sancti
813 3374 1007 3461 Augustini,
1024 3382 1059 3441 at
1070 3376 1188 3443 Sancti
1202 3377 1362 3447 Francis.

297 3481 335 3553 ci,
349 3484 384 3544 et
410 3478 528 3545 Sancti
543 3478 728 3557 Dominici,
750 3483 785 3543 et
811 3478 1159 3547 Canonicilllexiosae
1184 3481 1360 3551 Ecclesiae

296 3581 595 3669 Metropolitanus,
610 3602 687 3646 cum
707 3580 869 3645 universo
892 3580 993 3647 Clero
1009 3582 1186 3663 saeculari,
1203 3590 1239 3649 et
1258 3583 1360 3673 Capi·

296 3687 406 3753 tulum
422 3684 590 3764 Civitatis,
606 3689 641 3749 et
663 3705 777 3749 rerum
794 3682 947 3748 civilium
972 3683 1208 3752 Moderaloras
1224 3688 1359 3755 uuiver-

295 3791 333 3869 ai,
350 3813 390 3856 ac
419 3789 557 3857 tandem
587 3787 788 3853 mexicanus
819 3786 1112 3875 Archiepisoopus
1127 3788 1202 3876 ipss
1225 3796 1262 3856 et
1276 3791 1359 3859 Pro·

294 3895 374 3963 Rern
393 3894 618 3963 Sacerdotum
634 3894 789 3961 humeris
808 3893 925 3960 delata
951 3894 1019 3962 tuit
1034 3895 1153 3983 Imago
1169 3897 1208 3961 B.
1226 3898 1358 3963 Mariae

294 3999 445 4087 Virginis
459 4002 503 4067 de
519 4001 734 4086 Guarialupe,
747 3998 919 4065 ditissime
942 4004 1116 4079 exornata,
1147 4005 1182 4066 at
1197 4000 1359 4087 originali

296 4122 568 4252 WCabrera,
589 4176 711 4235 Escudo
726 4174 765 4235 de
778 4173 882 4233 sirmas
896 4174 936 4234 de
952 4174 1083 4247 Merico,
1099 4174 1147 4233 lib.
1175 4194 1204 4251 3,
1220 4192 1283 4251 cap.
1304 4192 1353 4251 31.

335 4276 377 4349 (ι)
420 4274 562 4335 Cabrera.
580 4272 619 4333 ib.
