3625 5217
742 444 805 515 lae

297 610 542 681 Sanctissimae
570 613 730 683 Pontifex
759 618 917 687 Clemens
932 620 1017 689 XIV
1033 622 1118 689 alias
1148 622 1316 690 concessit

256 722 486 811 indulgentias
501 728 699 813 praedictae
713 730 890 798 Ecclesiae
904 732 944 798 Β.
962 732 1008 797 M.
1027 732 1065 798 V.
1083 733 1126 799 de
1142 734 1317 800 Guadalu·

258 857 309 921 r·-
325 836 371 919 (1)

299 939 438 1005 Praeter
452 939 516 1006 has
529 940 770 1025 indulgentias,
800 929 985 1033 plusquam
1012 948 1154 1035 triginta
1183 948 1317 1014 vicibus
1432 1010 1436 1021 ,

257 1037 402 1107 dirersis
416 1043 631 1127 temporibus
654 1045 766 1111 eidem
790 1047 966 1113 Ecclesiae
997 1048 1257 1136 Guadalupensi
1273 1050 1318 1114 ci-

258 1144 374 1211 vitatis
402 1145 594 1228 Queretaro
617 1146 850 1236 indulgentias
874 1152 1094 1239 (temporales
1119 1174 1182 1240 pro
1198 1153 1318 1239 majori

260 1250 370 1333 parta)
386 1248 494 1316 Sedes
508 1250 707 1338 Apostolica
722 1256 898 1321 concessit
919 1256 963 1335 (2)

165 1407 172 1423 ,
301 1352 462 1420 Summus
477 1353 635 1419 Pontifex
650 1354 859 1424 Benedictus
873 1358 966 1425 XIlI
982 1380 1071 1425 anuo
1085 1360 1170 1427 1725
1185 1358 1320 1425 litteras

259 1456 355 1524 dedit
364 1458 407 1525 de
419 1459 589 1525 erectione
601 1460 773 1527 Ecclesiae
785 1463 994 1550 Collegiatae
1007 1462 1045 1527 B.
1060 1462 1105 1527 11.
1120 1461 1159 1528 V.
1174 1462 1215 1528 de
1228 1462 1321 1528 Gua-

259 1570 385 1658 dslspe
400 1571 445 1637 ad
459 1571 675 1661 Tepeyacatl,
693 1596 768 1639 cum
793 1573 988 1640 honorabili
1012 1573 1114 1639 titulo
1135 1572 1321 1655 Colleqiotce

261 1682 406 1768 Iasionis.
451 1682 507 1749 Ad
522 1683 610 1750 hanc
636 1684 838 1772 dignitatem
864 1692 939 1751 erat
962 1683 1138 1751 evehenda
1167 1682 1323 1750 Ecclesia

263 1785 470 1873 parochialis
482 1786 520 1851 B.
538 1786 583 1852 Μ.
601 1786 641 1853 V.
659 1788 701 1853 de
725 1788 937 1875 Guadalupe.
958 1790 1002 1871 (3)

305 1889 467 1957 Veromo
494 1892 579 1958 viris
607 1892 754 1958 excessit
779 1892 980 1957 Meaicanus
996 1890 1251 1978 Archipraesul,
1268 1890 1322 1955 cui

265 1993 474 2081 Collegiatae
486 1994 661 2062 Ecclesiae
677 1997 804 2061 erectio
826 1996 1096 2073 commitebatur,
1114 2000 1324 2081 quapropter

265 2098 362 2175 aliae,
378 2105 414 2163 et
429 2097 515 2163 aliae
531 2099 666 2165 litterae
683 2098 902 2185 Apostolicae
930 2099 1122 2165 debuerunt
1137 2098 1326 2183 impetrari3

265 2208 300 2266 at
314 2223 396 2267 vero
411 2201 605 2289 praedictae
620 2204 796 2269 Ecclesiae
811 2203 939 2269 erectio
970 2202 1233 2289 impediebatur,
1253 2200 1324 2266 sive

267 2309 411 2373 adversa
425 2307 629 2384 valetudine,
642 2308 713 2372 sive
726 2306 938 2394 gravissimis
951 2306 1098 2391 negotiis
1111 2304 1238 2391 quibus
1253 2308 1328 2368 erat

267 2416 419 2479 intentus
436 2410 495 2476 ille
512 2410 566 2475 cui
582 2412 852 2491 commitebatur,
880 2412 952 2478 sive
970 2412 1047 2477 aliis
1063 2412 1104 2476 de
1122 2412 1244 2487 causis,
1269 2410 1327 2475 clo·

269 2538 339 2594 neo,
355 2514 495 2581 sedente
510 2515 547 2578 in
563 2515 763 2601 Apostolico
778 2516 874 2582 Solio
889 2516 949 2581 SS.
970 2516 1010 2579 D.
1029 2514 1218 2581 Benedicto
1234 2514 1327 2588 XIV,

269 2622 402 2687 littorea
417 2640 459 2682 ea
472 2616 515 2683 de
532 2640 568 2683 re
598 2619 695 2685 dedit
710 2642 799 2684 anno
823 2620 917 2697 1746,
942 2620 1068 2705 quibus
1087 2618 1234 2704 denique
1252 2618 1328 2684 001-

269 2728 396 2811 legiata
421 2722 577 2789 Ecclesia
599 2722 637 2788 B.
655 2723 701 2787 M.
718 2722 757 2787 V.
777 2721 819 2787 de
834 2720 1039 2807 Guadalupe
1053 2720 1097 2785 ad
1123 2719 1329 2806 Tepeyacatl

271 2835 337 2900 fuit
352 2830 511 2899 canonice
528 2830 724 2908 constitute,
743 2832 788 2913 (4)
806 2829 994 2914 eademque
1011 2828 1176 2913 usquead
1192 2826 1330 2893 hodier-

271 2960 352 3002 num
367 2935 458 3001 diem
474 2933 574 2998 unica
589 2939 642 2999 est
665 2933 820 2999 Ecclesia
836 2932 896 2997 illa
912 2931 1079 3015 dignitate
1111 2929 1274 3017 insignita
1291 2929 1327 2993 irr

274 3039 432 3104 universa
446 3035 625 3101 Mcxicana
639 3035 795 3101 Natione.

315 3140 558 3209 Sanctissimae
587 3138 745 3204 Pontifex
774 3139 983 3205 Benedictus
1012 3139 1104 3217 xlv,
1137 3162 1225 3205 anno
1249 3140 1332 3205 1751

274 3246 447 3311 Ecclesiae
464 3246 673 3331 collegiatae
703 3246 741 3311 B.
759 3246 805 3310 M.
823 3245 861 3309 V.
879 3244 922 3311 de
947 3244 1151 3330 Guadalupe
1168 3242 1212 3307 ad
1227 3241 1333 3328 Tepe-

273 3350 384 3435 yacatl
395 3350 502 3415 altare
518 3350 770 3436 privilegiatum
782 3348 960 3427 concessit,
979 3354 1038 3413 “ut
1049 3346 1333 3435 quandocumque

274 3452 440 3520 Sacerdos
457 3453 583 3537 aliquis
608 3452 803 3529 saecularis,
827 3452 881 3517 vel
914 3451 1064 3537 cujusvis
1080 3448 1231 3526 Ordinis,
1248 3447 1336 3513 Con-

274 3554 491 3643 gregationia
514 3560 550 3619 et
565 3553 721 3619 Instituti
748 3552 924 3639 regularis,
940 3552 1084 3619 Missam
1098 3551 1334 3617 defunctorum

275 3682 337 3747 pro
367 3659 480 3723 anima
506 3658 747 3743 cujuscumque
773 3657 903 3723 Christi
934 3656 1057 3735 fidelis,
1088 3678 1176 3741 quae
1208 3652 1285 3717 Deo
1301 3650 1335 3715 iri

277 3784 405 3797 m

317 3834 362 3909 (ι)
405 3831 522 3893 Glorias
536 3833 575 3892 de
590 3833 766 3907 Quere'taro,
787 3831 824 3891 ib.

320 3947 365 4025 (α)
408 3938 527 4003 Glorias
543 3941 582 4000 de
597 3938 772 4016 Queretam,
788 3937 826 3998 ib.

313 4045 359 4122 (3)
402 4040 565 4120 Oqaendo,
581 4039 689 4099 Disert
707 4037 808 4098 histor.
829 4038 915 4098 sobre
931 4038 959 4095 la
974 4036 1145 4115 Aparicion,
1172 4048 1242 4109 erc,
1258 4048 1338 4097 tom.

279 4164 304 4217 2,
320 4162 387 4222 cap.
402 4162 430 4220 9,
447 4144 462 4218 5
479 4160 504 4213 1,
516 4139 600 4200 ubrn.
617 4141 685 4215 672.

312 4240 356 4319 (4)
398 4239 553 4318 Oquendo
570 4235 625 4300 ubi
652 4256 751 4317 supra.
