3625 5217
947 516 1004 580 ⁴28

453 687 636 756 somniavit
650 686 860 772 loqueretur,
890 692 926 751 et
955 685 1022 753 sibi
1046 683 1121 749 fieri
1144 683 1346 770 protelaret,
1375 681 1464 747 unde
1487 684 1518 746 si

452 791 590 869 rediret,
608 791 860 876 apprehensum
877 812 993 855 severe
1010 786 1125 874 puniri
1151 786 1265 864 iaciat,
1282 809 1325 851 ne
1355 786 1447 850 ultra
1461 784 1519 850 de-

455 894 568 988 cipere
584 892 748 960 intendat.

495 1014 615 1079 Altera
629 1013 684 1078 die
701 1012 816 1096 (Feria
845 1011 1100 1091 secundamus
1128 1011 1184 1076 dic
1214 1011 1347 1092 Lunae)
1378 1007 1519 1094 quando

453 1115 477 1181 J
478 1137 605 1181 oannes
620 1115 773 1184 Didacus
789 1115 924 1202 signum
940 1115 1081 1200 aliquod
1096 1115 1185 1180 ferre
1201 1113 1360 1190 debebat,
1386 1118 1426 1176 ut
1451 1111 1520 1176 sibi

447 1220 658 1299 crederetur,
674 1221 785 1286 redire
801 1219 870 1306 ipsi
884 1242 953 1284 non
968 1220 1076 1299 licuit,
1092 1243 1133 1286 ec
1149 1219 1243 1304 quod
1265 1220 1404 1284 domum
1419 1217 1520 1282 adve-

454 1328 561 1406 niens,
578 1330 791 1408 evunculum,
806 1327 860 1394 cui
871 1350 995 1393 nomen
1005 1329 1157 1394 Joanncs
1167 1328 1412 1404 Bernardinus
1425 1328 1519 1410 gravi

455 1430 575 1496 morbo
590 1453 793 1518 oppressum
809 1431 951 1496 invenit:
966 1431 1062 1497 illius
1079 1431 1248 1497 curationi
1263 1423 1443 1508 incumbit
1458 1452 1520 1494 nec

454 1536 568 1597 tamen
597 1532 649 1596 vis
665 1531 775 1596 morbi
801 1531 1009 1610 remittebat
1038 1538 1222 1618 propterea
1253 1531 1347 1617 quod
1376 1553 1417 1596 ea
1443 1529 1521 1616 ipsa

455 1640 554 1699 nocte
584 1633 819 1700 Bernardinus
848 1635 871 1700 ,J
874 1656 1018 1699 oannem
1055 1635 1224 1700 Didacum
1254 1634 1389 1720 rogarit
1418 1637 1456 1698 ut
1484 1631 1521 1697 in

457 1737 645 1802 crastinum
675 1743 774 1802 exeat
789 1736 886 1802 valde
904 1759 1012 1815 mane,
1036 1737 1233 1804 Ttaltilolco
1263 1738 1373 1816 adeat,
1404 1736 1522 1803 Sacer·

455 1837 571 1905 dotem
587 1844 779 1918 vocaturus,
809 1839 870 1925 qui
901 1839 1139 1906 Poenitentiae
1165 1841 1424 1907 Sacramentum
1452 1839 1521 1925 ipsi

457 1941 770 2021 administraturus,
786 1947 821 2006 et
837 1941 880 2006 ad
892 1942 979 2007 bene
996 1943 1209 2008 moriendum
1222 1948 1406 2030 paraturus
1422 1943 1522 2007 adre-

457 2044 539 2123 niat‚
556 2045 718 2130 quoniam
734 2044 862 2130 optime
880 2051 1022 2111 noverat
1036 2067 1073 2111 ee
1096 2045 1281 2112 de-lectnlo
1307 2069 1376 2111 non
1391 2067 1522 2111 surrec-

456 2153 579 2228 turum,
596 2148 657 2214 sed
672 2148 791 2213 morbo
806 2147 867 2212 illo
892 2149 1103 2214 moriturum.

498 2269 617 2335 Altera
631 2269 697 2347 die,
716 2268 829 2353 (Feria
844 2268 960 2351 tertia)
977 2269 1080 2334 domo
1095 2291 1229 2334 sumno
1245 2291 1344 2334 mane
1360 2289 1520 2353 egressus

455 2374 607 2439 «Ioannes
624 2371 787 2452 Didacus,
804 2371 999 2438 ‘Plaltilclcc
1014 2373 1125 2459 petiit,
1149 2373 1370 2438 Sacerdotem
1385 2377 1523 2436 vocatu-

456 2497 523 2541 rus.
572 2474 658 2545 oum
675 2480 788 2540 autem
806 2475 983 2541 accederet
998 2476 1206 2573 Tepeyacac,
1237 2497 1306 2560 qua
1330 2475 1397 2539 iter
1427 2474 1523 2539 ducit

456 2596 576 2640 versus
592 2574 676 2639 solis
691 2595 858 2653 occasum,
890 2597 959 2659 qua
974 2571 1075 2640 anteri
1101 2574 1281 2652 transibat,
1312 2573 1400 2638 dixit
1430 2572 1523 2658 apud

458 2675 689 2762 semetipsum:
707 2675 738 2741 si
753 2677 820 2742 huc
835 2678 901 2742 iter
916 2677 1049 2755 faciam,
1065 2676 1200 2761 Regina
1225 2676 1371 2763 aspiciet
1393 2697 1456 2753 me,
1474 2681 1523 2740 at-

458 2801 525 2863 que
556 2778 725 2844 demorari
740 2779 852 2857 faciet,
881 2785 920 2844 ut
945 2781 1081 2866 signum
1111 2779 1290 2845 Sacerdoti
1319 2778 1522 2844 auctoritate

458 2880 615 2967 praedito
639 2881 800 2961 deferam,
830 2882 883 2947 uti
899 2883 1076 2968 praecepit
1091 2883 1189 2948 mihi:
1218 2883 1274 2948 his
1289 2883 1326 2949 in
1356 2883 1523 2969 angustiis

459 2982 677 3049 Sacerdotem
708 3007 784 3050 meo
800 2985 925 3050 misero
955 2986 1123 3050 avunculo
1146 2985 1280 3052 deferre
1306 3008 1445 3051 necesse
1461 2991 1521 3050 est.

451 3086 571 3152 ¹Vertit
586 3109 667 3173 ergo
692 3085 759 3152 iter
782 3109 901 3153 versus
933 3089 1017 3153 solis
1033 3094 1144 3153 ortum
1162 3111 1224 3174 per
1253 3089 1395 3154 alteram
1426 3088 1524 3153 collis

458 3198 603 3280 partem,
618 3200 658 3259 ut
683 3193 854 3259 Mericum
872 3195 940 3259 cito
969 3195 1111 3273 veniret,
1139 3186 1237 3258 neca
1266 3194 1364 3260 Coeli
1393 3193 1525 3278 Regina

459 3295 642 3375 videretur,
659 3301 693 3361 et
709 3295 928 3362 detineretur.
974 3295 1072 3364 Vidit
1087 3319 1169 3383 ergo
1184 3295 1351 3384 Reginam
1378 3293 1420 3358 de
1438 3293 1523 3358 colle

459 3400 722 3467 descendentem
735 3400 825 3468 unde
837 3401 951 3487 ipsum
962 3400 1160 3486 aspiciebat,
1176 3423 1264 3485 quae
1273 3399 1373 3481 ⁴venit
1388 3398 1524 3462 obviarn

460 3505 512 3570 illi
527 3504 571 3571 ad
601 3509 752 3591 puteum,
783 3505 844 3590 qui
874 3504 996 3569 collem
1026 3504 1071 3569 ad
1100 3504 1213 3589 ipsum
1243 3507 1327 3579 erat,
1357 3499 1524 3586 dixitque:

466 3609 622 3689 Quorsum
634 3607 742 3685 tendo,
753 3607 929 3692 ditectefilr'?
944 3609 1096 3674 «Ioannes
1108 3606 1263 3684 afflictus,
1273 3605 1478 3670 verecundia
1490 3610 1525 3668 ct

459 3713 581 3778 timone
595 3714 780 3795 correptus,
794 3731 906 3774 coram
920 3711 980 3774 illa
991 3715 1195 3796 prostratus,
1210 3710 1373 3775 salutarit
1389 3730 1472 3782 earn,
1490 3712 1526 3772 et

460 3812 557 3878 dixit:
575 3812 696 3878 “Salve
712 3810 826 3896 Virgo,
843 3811 966 3888 Mater,
982 3811 1122 3896 Regina.
1167 3802 1339 3896 Prospera
1354 3809 1419 3875 tibi
1435 3809 1524 3874 dies?

462 3912 604 3999 Optima
618 3911 683 3978 tibi
698 3912 802 3989 salue,
818 3911 951 3998 Regina
966 3919 1000 3978 et
1016 3913 1165 3977 Domina
1190 3913 1281 3978 mea?
1324 3914 1377 3979 Ne
1392 3916 1524 3980 vultum

462 4025 497 4082 et
512 4023 681 4084 cortuum
698 4017 874 4082 offendam.
921 4017 1016 4082 Scito
1042 4018 1157 4104 igitur,
1174 4040 1194 4081 o
1220 4017 1336 4103 Virgo,
1364 4020 1524 4104 quoniam

458 4121 558 4206 gravi
586 4121 783 4186 infirmitate
814 4143 933 4185 servus
960 4126 1041 4184 tuus
1066 4143 1230 4205 meusque
1261 4124 1448 4187 avunculus
1477 4124 1525 4188 la·
1577 4191 1581 4196 ,

464 4224 572 4303 horat,
589 4229 624 4289 et
639 4223 769 4309 absque
799 4224 906 4288 dubio
936 4223 1110 4288 morietur:
1136 4224 1223 4288 rado
1244 4224 1389 4291 festinus
1419 4227 1526 4291 Meri-
