3625 5217
1002 550 1067 637 190

497 761 549 825 sn,
579 738 733 831 Linguae
761 740 904 809 didiscit
939 740 1109 821 Latinam,
1140 744 1176 807 et
1205 738 1384 823 Graecam,
1419 743 1456 807 et
1482 718 1561 805 Hc-

496 844 646 922 braem,
671 848 708 909 et
722 841 952 921 Mexicanam,
978 845 1014 907 et
1042 838 1275 917 Otomiticam,
1300 843 1336 906 et
1364 838 1561 915 Miseram

497 944 601 1036 atque
616 948 702 1015 alias
716 947 820 1015 etiam
835 951 871 1014 et
891 945 1068 1013 Amarioae
1084 950 1119 1014 et
1129 946 1289 1035 Europae
1304 946 1440 1035 linguas
1454 943 1561 1023 novit;

496 1051 714 1139 Theologiae,
744 1058 780 1118 et
793 1049 1053 1137 Philosophiae,
1068 1054 1103 1116 et
1124 1048 1334 1130 Matheeeoe,
1350 1054 1386 1117 et
1406 1048 1560 1116 Musices

496 1155 563 1223 fuit
576 1156 720 1243 peritus:
748 1153 947 1221 Maricanae
962 1152 1140 1221 Historiae
1155 1174 1295 1241 operam
1311 1151 1417 1233 dedit,
1435 1156 1471 1219 et
1500 1174 1560 1217 an·

495 1255 716 1343 tiquitatibue
726 1254 855 1323 nostris
869 1274 1085 1340 summopere
1097 1250 1239 1319 studuit
1256 1252 1354 1321 Adeo
1368 1252 1436 1319 fuit
1450 1250 1561 1319 scien·

494 1362 543 1426 tia
558 1360 764 1448 praeclarus,
779 1362 820 1424 ut
834 1356 947 1445 patria
962 1378 1038 1423 cum
1050 1356 1152 1424 sociis
1166 1356 1255 1436 exul,
1271 1356 1393 1423 domus
1408 1356 1483 1442 siue
1495 1352 1561 1423 Sa-

488 1464 630 1551 piscine
654 1463 778 1530 Domus
809 1459 974 1527 meruerit
1002 1460 1178 1548 appellari
1198 1460 1242 1547 (l)
1271 1459 1422 1549 Scripsit
1441 1456 1561 1525 Patria

494 1562 575 1629 exul

538 1664 641 1731 Breve
656 1662 841 1749 roqqrsqlio
855 1660 938 1726 delia
955 1660 1177 1747 p‘rodiydreod
1203 1662 1365 1729 rinomatn
1380 1660 1562 1747 Immaqine

493 1766 575 1833 deda
591 1766 757 1833 Modoura
771 1764 808 1832 di
842 1764 1032 1851 Gwdnlupe
1045 1764 1095 1830 del
1110 1763 1249 1832 Messias.
1295 1765 1380 1854 Typ.
1397 1764 1477 1833 edit
1495 1765 1561 1833 Oe-

496 1891 609 1950 eenae‚
625 1890 715 1937 anno
730 1868 823 1937 1782
850 1867 897 1951 (2)
1642 1884 1650 1899 ·

536 2042 587 2109 84.
604 2040 829 2109 Bustamante
840 2040 883 2107 D.
894 2039 919 2106 J
920 2060 1057 2119 oannes,
1070 2038 1268 2129 Presbyter,
1281 2044 1340 2127 qui
1350 2040 1561 2110 Cathedrem

492 2145 677 2233 quamdam
703 2141 855 2211 obtinuit
879 2143 917 2211 in
942 2140 1097 2229 collegio
1124 2142 1275 2213 lisxiceo
1308 2144 1426 2213 Sancti
1453 2144 1562 2213 Joan·

492 2250 557 2330 nie,
574 2249 623 2334 (3)
638 2246 782 2336 scripsit

535 2359 665 2429 deado
681 2358 833 2426 Mariano
841 2380 933 2445 para
950 2358 1095 2443 fomento
1109 2358 1147 2425 dc
1161 2359 1193 2425 la
1221 2358 1367 2427 dcvociorr
1388 2358 1426 2425 de
1440 2358 1487 2425 loe
1501 2378 1563 2443 que

490 2483 527 2527 aa
542 2462 657 2528 taldis
682 2461 801 2527 eisitan
822 2460 1040 2529 elSarrteario
1054 2463 1093 2529 da
1125 2460 1326 2549 Grccdalrtpe.
1372 2462 1455 2553 Typ.
1474 2462 1559 2531 edit

490 2562 618 2633 Manioi
633 2586 723 2632 anno
738 2564 831 2632 1784.
851 2566 899 2651 (4)

533 2736 587 2803 85.
629 2734 810 2803 Plancarte
825 2737 883 2805 Fr.
910 2738 933 2805 J
935 2737 1054 2825 oseph,
1083 2736 1264 2825 religiosae
1292 2736 1424 2809 ordinis
1440 2738 1562 2807 Sancti

490 2836 676 2919 Francisri,
692 2861 733 2905 ac
746 2838 938 2921 Praelatus‚
957 2842 1003 2925 (5)
1021 2840 1161 2927 scripsit

534 2941 647 3010 l’lom
678 2942 964 3031 dcadalcpanas:
994 2947 1158 3012 dtreirrtc
1172 2951 1299 3011 coaetos
1327 2966 1369 3011 arr
1385 2944 1561 3013 amdam

490 3046 530 3116 da
543 3046 581 3113 ta
598 3046 786 3132 Milaqroea
801 3048 946 3136 Iordyen
961 3048 1000 3114 dc
1015 3050 1163 3117 Nucetrc
1180 3050 1305 3116 serora
1321 3050 1361 3115 da
1378 3050 1561 3117 Guadalu·

490 3173 531 3235 pe
546 3150 586 3218 dc
601 3150 736 3218 deico.
781 3150 866 3239 Typ.
883 3152 964 3220 edit
981 3152 1033 3220 ibi
1061 3176 1150 3222 anno
1165 3154 1251 3221 1785
1267 3156 1316 3240 (6)
1331 3154 1418 3223 Prae
1445 3156 1560 3227 oculis

491 3254 604 3323 habeo
620 3254 687 3323 hoc
702 3254 917 3342 opusculum.

536 3358 606 3424 Dia
623 3358 867 3445 &sodalemne
883 3361 902 3425 ό
916 3359 944 3425 el
959 3359 1002 3425 12
1013 3358 1051 3425 dc
1065 3360 1148 3427 cada
1164 3382 1227 3427 mee
1241 3362 1435 3449 oenecyrado
1449 3362 1482 3429 cl
1495 3364 1562 3431 cal·

492 3468 523 3529 tc
536 3462 575 3529 de
590 3462 732 3527 Nucetrc
748 3459 921 3529 seroradc
942 3462 1138 3551 Guadalupe.
1184 3462 1259 3552 Tip.
1277 3463 1328 3533 ed
1355 3463 1492 3533 Manioi.
1508 3468 1560 3555 (7)

530 3653 575 3732 (ι)
618 3650 775 3725 Beristain‚
792 3650 912 3715 Bibliot
929 3664 981 3715 art
998 3654 1150 3733 Clavijero
1166 3657 1199 3717 P.
1216 3654 1377 3717 Francisco
1393 3656 1512 3720 Xavier.

533 3750 577 3829 (α)
621 3748 777 3823 Beriarain,
793 3749 917 3815 Bibliot.
933 3766 985 3817 art.
1004 3756 1154 3837 Clavijero
1171 3760 1203 3820 P.
1220 3758 1381 3822 Francisco
1396 3760 1559 3824 Xavier.-

493 3848 601 3912 Guridi
615 3850 753 3925 Alcoser,
767 3849 898 3931 Apolog.
915 3854 955 3917 de
969 3856 997 3917 la
1013 3856 1142 3939 Aperic„
1158 3869 1213 3919 etc.
1231 3876 1297 3935 cap.
1318 3876 1363 3937 15,
1378 3862 1393 3935 5
1410 3880 1435 3919 r.

497 3980 500 3986 ·
534 3952 578 4031 (3)
620 3950 777 4025 Beristain,
793 3952 914 4015 Bibliot.
932 3965 984 4016 art.
1003 3957 1198 4019 Bustamante
1214 3958 1252 4019 D.
1268 3959 1358 4034 Juan.

531 4053 576 4129 (4)
619 4050 775 4125 Beriarain,
792 4051 913 4113 Bibliot.
928 4065 982 4115 art.
1000 4056 1197 4117 Bustemante
1213 4058 1252 4116 D.
1266 4059 1355 4135 Juan.

531 4150 578 4229 (5)
621 4149 777 4224 Beristairr,
794 4150 913 4214 Bibliot
926 4164 979 4215 art.
992 4156 1151 4217 Plancarte
1166 4155 1213 4217 Fr.
1229 4156 1313 4235 Joed.

534 4250 582 4328 (6)
624 4248 779 4323 Bedesis,
795 4248 917 4315 Bibliot.
933 4264 985 4315 art.
1003 4254 1158 4317 Plancarte
1174 4255 1219 4317 Fr.
1235 4256 1316 4337 Jost.

532 4348 579 4431 (7)
621 4346 778 4411 Berisaib.
