3625 5217
968 600 1033 673 266

525 778 562 847 P.
580 778 751 846 Antonius
779 778 962 846 Modestus
990 776 1209 857 Herdoriana,
1240 770 1423 844 Societatis
1440 774 1536 854 Jesu,

476 883 640 951 maternis
652 882 754 949 bonis
780 881 934 948 institnit
947 880 1069 947 Mexici
1100 884 1132 947 in
1148 881 1233 948 urbe
1249 878 1441 967 Collegium
1471 880 1537 947 sub

474 985 697 1053 advocatione
727 985 766 1051 Β.
792 985 839 1050 Μ.
856 984 895 1050 V.
927 984 970 1051 de
1001 984 1206 1071 Guadalupe
1236 1003 1300 1071 pro
1329 981 1532 1051 educatione

474 1088 625 1156 curanda
645 1088 719 1155 indi
727 1088 864 1175 generis
886 1088 1091 1176 puellarum,
1108 1087 1202 1175 quod
1217 1086 1398 1175 collegium
1413 1086 1450 1154 in
1462 1110 1533 1155 mo·

475 1193 663 1261 nasterium
679 1214 816 1258 versum
831 1193 899 1259 fuit
914 1214 1004 1259 anno
1021 1192 1115 1258 1811.
1135 1192 1180 1275 (1)

516 1313 617 1379 Anno
633 1314 766 1378 circiter
778 1313 859 1379 1751
873 1334 936 1399 pro
949 1311 1205 1379 confirmatione
1218 1315 1423 1399 patronatus
1434 1332 1536 1399 gene·

475 1417 558 1484 ralis
573 1416 612 1482 B.
627 1416 673 1483 M.
690 1416 729 1481 V.
747 1415 790 1482 de
805 1415 1021 1502 Guadalupe,
1037 1419 1074 1481 et
1088 1438 1152 1501 pro
1167 1415 1409 1502 impetratione
1422 1414 1537 1485 Officii

476 1521 617 1607 proprii,
634 1526 670 1587 et
683 1519 824 1598 Missae,
835 1525 874 1584 ut
884 1519 1029 1585 Remum
1045 1518 1156 1586 adiret
1171 1518 1372 1605 designatus
1388 1526 1443 1586 est
1457 1542 1538 1607 pro·

475 1630 612 1689 curator
629 1626 662 1687 P.
678 1623 831 1689 Joannes
854 1620 1056 1689 Franciscus
1086 1624 1210 1711 Lopez,
1242 1622 1426 1691 Societatis
1440 1623 1535 1692 Jesu.

478 1728 523 1811 (2)
540 1726 573 1793 8.
587 1727 620 1793 S.
637 1727 679 1792 D.
697 1724 887 1791 Benedicto
902 1724 988 1791 XIV
1002 1747 1122 1813 preces
1136 1726 1311 1793 exhibitae
1326 1726 1421 1794 luere
1436 1728 1537 1795 nomi·

475 1853 512 1895 ae
535 1830 728 1916 precemini
748 1827 995 1915 Arclriepiaccpi,
1025 1836 1053 1894 et
1082 1831 1176 1895 totius
1209 1828 1296 1896 Cleri
1326 1830 1495 1909 Mecicoai,
1510 1838 1538 1895 et

479 1934 636 2022 Episcopi,
651 1940 680 1997 ct
697 1932 836 2018 Capituli
855 1932 1076 2013 vallisoletani,
1088 1940 1338 2020 amicorumque
1352 1934 1541 2001 Amittitum

478 2038 589 2103 Novus
600 2036 787 2121 Hispaniae,
794 2036 912 2120 pietate
922 2058 998 2121 erpa
1011 2036 1200 2122 Deiparam,
1212 2045 1241 2103 ct
1249 2036 1404 2103 derdere
1413 2058 1541 2123 promo-

476 2140 570 2205 vendi
583 2139 649 2225 ejus
673 2139 798 2218 aarum,
830 2146 858 2203 et
887 2139 1050 2205 Potroaae
1073 2140 1267 2227 principalis
1290 2140 1541 2229 praerogativae

465 2246 671 2328 fauentium.
687 2244 733 2327 (3)

521 2376 620 2441 Anno
636 2372 721 2439 1754
735 2371 768 2438 S.
786 2371 819 2438 S.
841 2370 1053 2438 Benedictus
1070 2374 1162 2460 Papa
1176 2374 1269 2441 XIV.
1287 2374 1432 2441 Litteris
1447 2372 1541 2441 datis

478 2480 532 2547 die
548 2480 590 2545 25
605 2477 700 2555 Maii,
713 2476 763 2542 ita
773 2476 935 2541 decrevit:
980 2475 1214 2543 “Auctoritate
1229 2477 1432 2565 Apostolica
1446 2484 1542 2547 teno-

478 2606 515 2649 re
531 2580 763 2669 praesentium
780 2578 981 2645 electionem
997 2577 1108 2665 ipsius
1124 2580 1369 2649 Sanctissimae
1385 2582 1539 2671 Virginis

478 2683 610 2751 Mariae
625 2682 691 2748 snb
706 2680 921 2746 invocatione
937 2680 979 2746 de
995 2682 1210 2771 Guarlalupe,
1234 2684 1332 2771 cujus
1347 2707 1444 2752 sacra
1458 2686 1541 2753 uffi-

479 2788 562 2874 gies,
578 2806 639 2850 seu
655 2785 775 2869 Imago
790 2784 826 2847 in
841 2782 1177 2869 magnificentissima
1193 2786 1349 2854 Ecclesia
1371 2789 1540 2877 Collegiu-
1629 2804 1640 2813 '

479 2896 515 2955 ta
529 2896 566 2954 et
575 2885 779 2964 Perochiali
792 2892 889 2952 extra
899 2908 1016 2952 muros
1029 2886 1188 2955 Civitatis
1200 2890 1397 2960 Mexicanae
1414 2894 1538 2980 posita,

480 3001 613 3079 colitur,
630 2998 667 3065 in
694 2999 924 3087 Principalem
939 2998 1048 3066 totius
1063 3000 1179 3066 Novae
1210 3000 1403 3088 Hispaniae
1419 3002 1540 3067 Patro-

479 3138 557 3181 nem
587 3119 623 3180 et
651 3111 896 3178 Protectrioem
927 3107 1163 3175 communibus
1193 3114 1266 3176 tum
1282 3110 1539 3179 Venerabiliurn

479 3218 639 3283 Fratrum
654 3216 764 3303 ipsius
779 3215 889 3302 Regni
905 3216 1119 3293 Antistitum‚
1132 3216 1223 3283 Cleri
1234 3214 1421 3281 saecularis
1436 3216 1471 3279 et
1488 3232 1540 3277 re·

479 3320 618 3406 galeris,
634 3325 670 3385 et
685 3320 890 3406 populorum
902 3320 1039 3383 illarum
1051 3320 1201 3406 partium
1217 3318 1389 3405 suffragiis
1402 3316 1538 3393 iactam,

480 3446 556 3489 cum
571 3422 731 3489 omnibus
745 3428 781 3489 ct
795 3422 940 3510 singulis
956 3422 1212 3510 praerogativis,
1229 3446 1317 3509 quas
1332 3424 1429 3509 juxta
1457 3420 1541 3485 Bre-

521 3652 564 3725 (1)
608 3646 762 3715 Beristain,
778 3647 899 3707 Bibliot.
916 3660 967 3707 art.
985 3648 1171 3708 Herdor'rana
1189 3650 1219 3709 P.
1234 3646 1369 3707 Antonio
1386 3647 1538 3707 Modesto.

521 3752 563 3826 (2)
607 3747 769 3825 Oquendo,
791 3746 895 3807 l)isert.
927 3746 1057 3811 historic.
1083 3746 1170 3807 sobre
1187 3747 1215 3806 le
1238 3744 1406 3824 Aparicioa
1421 3756 1493 3807 tom.
1515 3765 1542 3817 2,

479 3868 544 3927 cap.
565 3852 670 3923 9,§2‚
696 3866 727 3905 n.
743 3848 812 3905 682.

521 3970 565 4047 (3)
608 3973 655 4030 Ita
669 3990 806 4047 expresse
833 3970 864 4029 in
891 3970 1038 4048 precibus,
1064 3988 1138 4046 quas
1153 3966 1281 4045 integras
1306 3964 1407 4027 videre
1428 3964 1497 4025 licet
1513 3964 1543 4025 in

479 4074 579 4146 Opere
594 4068 642 4128 cui
656 4068 767 4139 titulus,
801 4068 965 4131 Coleccion
981 4069 1019 4129 de
1048 4070 1178 4151 Obrasy
1207 4067 1379 4146 Opusculos
1406 4074 1542 4142 pertene-

397 4236 402 4243 ,
478 4167 591 4229 cientes
606 4172 624 4227 t
638 4168 666 4229 la
680 4167 841 4245 Aparicion
855 4170 895 4229 de
911 4170 993 4229 Ntra.
1023 4170 1084 4229 Sra
1101 4168 1140 4229 de
1155 4167 1334 4245 Guadalupe
1348 4164 1388 4227 de
1403 4160 1536 4225 llexico.

477 4282 550 4332 tom.
570 4288 595 4343 1,
611 4268 767 4333 initio-et
780 4269 863 4347 apud
879 4269 1041 4349 Oquendo,
1059 4270 1166 4363 Disert,
1186 4270 1288 4361 lpistpr.
1306 4272 1439 4363 sopfgla
1462 4272 1541 4379 Am,

477 4375 581 4461 arian,
596 4389 653 4463 erc.
669 4388 742 4463 rom.
767 4402 793 4468 Ξ,
808 4396 872 4459 cap.
890 4404 918 4470 9,
933 4384 947 4461 5
963 4404 990 4473 i·
1313 4381 1320 4397 .
