3625 5217
911 511 975 584 150

410 688 482 757 nito
497 712 518 755 e
533 688 617 755 solis
632 688 794 755 fidelibus
811 689 989 756 devotioni
1019 687 1156 769 deditis,
1186 710 1256 753 uon
1281 683 1406 753 mirum
1420 699 1472 750 csb

409 799 463 860 set
485 792 516 859 si
542 792 842 881 impugnatoribus
872 798 1012 861 careret
1057 793 1207 860 atvero
1235 788 1471 879 Apparitionis

408 903 609 969 miraculum
625 902 773 991 publice,
789 910 825 969 et
839 927 974 971 summo
989 904 1173 992 splendore
1187 902 1281 990 apud
1305 923 1370 967 nos
1384 899 1471 965 cele·

408 1006 537 1087 bretun,
554 1028 622 1073 non
637 1006 673 1071 in
688 1006 826 1094 templis
842 1005 1089 1087 tantummodo,
1105 1003 1342 1073 verumetiam
1357 999 1469 1090 publi-

408 1132 448 1175 co
464 1109 640 1175 civitatum
655 1114 789 1187 ornatu,
814 1115 918 1196 atque
941 1111 1059 1177 multis
1073 1110 1183 1188 libris,
1199 1115 1236 1175 et
1250 1104 1471 1175 concionibus

406 1212 592 1279 innumeris
611 1216 807 1277 enarratum
816 1211 892 1291 init,
916 1219 952 1279 et
971 1212 1074 1279 modo
1086 1218 1277 1291 enarratum
1291 1208 1421 1297 templa
1433 1211 1471 1272 et

407 1325 530 1390 altaria
545 1326 579 1389 in
594 1324 759 1407 honorem
774 1322 955 1410 Deiparae,
983 1347 1071 1410 quae
1087 1322 1285 1411 Tepeyacac
1299 1317 1469 1409 apparuit,

406 1424 557 1510 undique
574 1425 742 1504 videntum
757 1430 792 1493 et
807 1424 928 1511 Imago
942 1425 1223 1514 Guadalupensis
1245 1424 1374 1511 ubique
1390 1427 1468 1488 ante

406 1526 524 1601 cemos
540 1527 696 1607 habetur,
712 1533 747 1595 et
762 1528 798 1593 in
813 1528 963 1615 templis,
979 1535 1015 1595 et
1029 1530 1065 1595 in
1079 1527 1234 1596 fidolium
1248 1528 1418 1605 domibus,
1434 1532 1470 1591 et

407 1628 542 1716 publice
559 1629 594 1695 iu
611 1629 820 1708 ciuitatibus,
836 1630 976 1716 quando
992 1636 1201 1698 exornantur
1215 1654 1319 1698 causa
1347 1630 1469 1697 solem·

407 1732 525 1799 nitetis
540 1733 784 1820 Apparitiouis.
830 1734 977 1799 Planum
1000 1758 1083 1823 ergo
1098 1741 1154 1802 est
1165 1735 1216 1801 ita
1229 1716 1403 1803 evidentia
1417 1756 1469 1799 es·

406 1862 442 1907 se
466 1846 674 1927 argumenta,
693 1862 781 1925 quse
798 1839 1061 1927 Apparitionem
1083 1838 1330 1917 demonstrant,
1345 1842 1386 1903 ut
1399 1859 1470 1903 om·

406 1962 483 2005 nem
505 1940 727 2018 intellectum,
744 1938 965 2027 paucissimis
980 1940 1141 2026 exceptis,
1157 1937 1202 2004 ad
1213 1934 1467 2003 assentiendum

406 2040 603 2127 astringant.
649 2040 695 2115 At
724 2063 805 2106 vero
831 2062 909 2106 cum
927 2044 974 2108 ita
984 2042 1160 2129 inquietus
1175 2045 1220 2111 sit
1235 2042 1385 2109 hominis
1399 2040 1470 2107 ani·

407 2165 491 2221 mus,
508 2148 547 2209 ut
562 2144 664 2209 etiam
681 2142 845 2209 adversus
871 2144 1010 2231 penitus
1039 2145 1276 2213 demonstrata
1303 2144 1471 2231 insurgat,

405 2244 587 2311 dicendum
603 2245 738 2313 videtur
755 2245 943 2311 Dominum
958 2246 995 2312 in
1010 2247 1076 2313 hoo
1091 2270 1174 2314 casu
1189 2248 1332 2336 speciali
1357 2247 1471 2334 provi-

407 2346 523 2413 dentia
538 2347 592 2413 vel
608 2348 718 2413 lucem
734 2348 771 2413 in
784 2346 981 2415 intellectus
993 2348 1187 2428 immittere,
1204 2355 1243 2415 ut
1257 2354 1472 2435 argumento

407 2470 482 2514 rum
497 2450 566 2514 vim
580 2450 706 2517 invicto
722 2450 881 2529 sentiant,
906 2450 961 2516 rel
987 2450 1091 2517 etiam
1122 2452 1181 2539 pia
1196 2451 1375 2519 affectione
1390 2473 1471 2538 erge

405 2552 444 2617 B.
464 2552 500 2617 V.
518 2553 564 2617 M.
583 2554 686 2619 corda
702 2575 847 2633 movere,
864 2560 904 2621 ut
926 2554 1060 2643 insigne
1075 2554 1289 2634 beneficium,
1320 2555 1415 2642 quod
1429 2556 1468 2621 Β.

404 2654 443 2721 V.
461 2656 658 2743 Tepepacac
673 2678 843 2745 apparens
858 2657 960 2723 nobis
987 2657 1143 2737 contulit,
1173 2658 1322 2725 libenter
1351 2679 1469 2725 omnes

406 2764 600 2847 agnoscent.

571 3102 847 3251 PARS
892 3104 1303 3254 TERTIA.

406 3500 587 3567 Historiros
601 3502 755 3565 contineas
770 3504 1041 3587 ceiurpririmtioacs,
1064 3504 1112 3567 rel
1124 3504 1218 3568 etiarn
1234 3505 1471 3589 explanationes

426 3628 532 3669 eoram
551 3604 627 3667 rocio
643 3606 795 3689 qrrrioiom
814 3628 935 3689 rognum
947 3615 998 3667 uio
1014 3607 1220 3670 desaraaatro·
1233 3608 1278 3670 od
1291 3609 1448 3673 osteaden-

510 3707 587 3771 ‹Icm
610 3708 896 3792 (1¹aatrappas-inm
915 3710 1165 3793 ripparilionrun
1191 3711 1359 3776 veritatem.

448 3878 620 3945 Sciscitari
636 3880 714 3963 quis
732 3879 869 3965 potorii,
887 3902 947 3943 cur
962 3880 1129 3945 historica
1143 3882 1233 3948 facta
1262 3882 1352 3948 unde
1368 3906 1468 3970 argu-

404 3988 528 4058 menta,
547 3983 582 4046 iu
604 3982 753 4047 serundo
764 3982 866 4067 hujus
888 3982 1141 4067 dissertationis
1161 3992 1257 4071 parte
1278 3987 1466 4072 proposita,

405 4085 629 4161 deducuntur,
647 4108 714 4149 non
730 4108 864 4170 sempor
881 4090 960 4149 tunc
975 4085 1114 4152 fuerunt
1129 4088 1351 4174 comprobata
1361 4112 1469 4174 quan·

405 4190 450 4253 do
465 4190 541 4273 ipsa
557 4193 755 4273 arguments
771 4196 850 4253 sunt
863 4190 1055 4275 proposita?
1078 4190 1270 4255 Dicendum
1283 4191 1362 4256 ideo
1378 4215 1469 4257 com·

405 4286 634 4376 probationes,
651 4308 781 4351 nccnou
794 4294 828 4351 ct
844 4289 1106 4375 explanationes
1120 4316 1186 4358 non
1203 4317 1340 4383 semper
1365 4298 1468 4365 simul
