3625 5217
936 550 1001 637 254

438 753 596 828 brabant.
632 759 687 827 De
702 759 755 840 iis,
768 765 804 827 et
819 760 898 827 aliis
914 767 993 828 ante
1009 762 1168 842 narratis,
1182 762 1341 829 notitiam
1358 760 1457 831 affert
1472 744 1512 829 ll.

437 866 630 943 Florencia;
659 872 763 952 atque
790 866 914 931 asserit
944 866 1081 932 facilius
1111 889 1187 933 esse
1204 867 1239 932 in
1271 869 1355 935 urbe
1382 868 1509 933 Merioi

436 971 628 1039 Ecclesiam
643 970 823 1058 designare
841 971 884 1055 (si
900 970 1016 1058 aliqua
1031 978 1117 1059 erat)
1135 972 1171 1037 in
1189 994 1258 1058 qua
1274 974 1383 1041 altare
1400 974 1438 1039 B.
1464 974 1505 1037 al.

436 1066 476 1141 t.
493 1076 535 1144 de
552 1077 756 1162 Guadalupe
772 1098 841 1141 nou
865 1075 1061 1156 haberetur,
1078 1100 1141 1145 neo
1156 1078 1284 1145 festum
1317 1078 1508 1144 celebrare·

438 1188 504 1263 tur,
517 1188 621 1270 quam
638 1182 717 1248 illas
732 1203 912 1247 numerare
928 1182 1102 1249 Ecclesiae
1118 1183 1297 1269 inquibus
1313 1184 1399 1249 haec
1415 1180 1510 1247 ride·

437 1280 574 1353 bantur:
600 1308 731 1352 necnon
749 1290 785 1351 et
794 1285 950 1373 loquitur
962 1286 1003 1353 de
1029 1287 1218 1355 innumeris
1241 1290 1457 1372 Imaginibus
1467 1290 1506 1355 B.

436 1388 483 1454 M.
497 1388 536 1454 V.
564 1385 607 1453 de
620 1387 834 1473 Guadalupe,
852 1391 888 1453 et
915 1390 948 1452 in
976 1386 1070 1466 urbe,
1094 1394 1130 1455 et
1159 1395 1257 1456 extra
1273 1390 1403 1469 urbem,
1422 1390 1508 1456 etin

436 1492 600 1581 Templis,
628 1498 664 1559 et
693 1492 729 1558 in
744 1492 906 1558 domibus
938 1492 1089 1558 fidelium
1117 1492 1152 1558 in
1170 1494 1387 1560 veneratione
1409 1493 1508 1559 habi-

436 1600 491 1665 tis.
509 1599 555 1686 (1)
573 1596 742 1684 Oquendo
760 1598 806 1679 (2)
823 1598 927 1662 etiam
945 1596 1100 1663 meminit
1115 1598 1277 1663 altarium
1293 1597 1332 1663 V.
1354 1598 1394 1661 Μ.
1409 1596 1447 1661 V.
1464 1594 1507 1661 de

436 1706 643 1791 Guadalupe
660 1704 696 1768 iu
709 1702 872 1769 Ecclesiis
888 1702 1006 1769 Sancti
1024 1702 1243 1782 Ferdinandi,
1261 1710 1297 1770 et
1313 1704 1431 1770 Sancti
1449 1704 1509 1769 Di-

435 1806 524 1888 daci,
546 1814 582 1875 et
598 1810 715 1875 Sancti
732 1807 926 1897 Hippolyti,
944 1814 979 1875 et
990 1809 1335 1877 Bethlehemiturum.

478 1933 579 2005 Anno
594 1932 679 1997 1692
695 1930 836 1997 licentia
865 1953 1029 1998 concessa
1055 1930 1123 1995 fuit
1139 1955 1159 1997 a
1186 1931 1435 1997 Commissario
1451 1956 1508 2019 gc·

437 2036 545 2103 nerali
571 2035 833 2103 Provinciarum
855 2034 999 2101 Ordinis
1022 2034 1055 2102 S.
1072 2036 1250 2101 Francisci
1281 2036 1316 2099 in
1340 2034 1439 2101 Indis
1468 2041 1508 2101 ut

439 2144 534 2234 typis
554 2142 710 2209 mandari
736 2145 855 2228 posset
882 2138 1054 2206 Chronica
1078 2139 1281 2207 Provinciae
1306 2138 1507 2205 Mexicanae

438 2248 555 2316 Sancti
564 2247 744 2335 Evangelii
755 2246 840 2311 aFr.
851 2244 1047 2332 Augustino
1056 2245 1246 2311 Betanourt
1256 2247 1393 2333 scripta
1409 2246 1508 2311 Aliae

437 2352 597 2419 licentiae
627 2373 808 2417 concessae
824 2350 965 2415 fuerunt
977 2370 1066 2413 anno
1094 2349 1187 2413 1696.
1208 2352 1253 2431 (3)
1271 2350 1312 2414 In
1329 2350 1508 2437 praedicta

437 2455 609 2522 Chronica
624 2478 692 2521 uon
718 2474 830 2542 pauca
855 2452 1017 2538 leguntur
1044 2450 1086 2517 de
1112 2452 1206 2519 cultu
1223 2460 1258 2519 et
1289 2454 1507 2520 veneratione

437 2562 475 2627 B.
488 2562 534 2637 M.
561 2558 600 2624 V.
625 2559 667 2625 de
680 2556 894 2643 Guadalupe.
915 2554 983 2620 Ubi
1010 2555 1052 2620 de
1069 2556 1176 2622 sacris
1208 2564 1333 2624 tractat
1348 2559 1507 2647 imagini-

436 2670 512 2747 bus,
530 2668 577 2753 (4)
608 2671 792 2755 postquam
808 2661 1054 2749 Apparitionee
1078 2660 1363 2747 Guadalupenses
1390 2686 1506 2730 narra·

438 2773 496 2853 rit,
512 2772 638 2839 festum
655 2767 840 2855 quotannis
855 2764 892 2829 iu
923 2764 1087 2829 honorem
1111 2763 1149 2829 B.
1166 2765 1319 2851 Virginis
1349 2766 1391 2831 dc
1415 2768 1507 2834 Gua-

436 2878 564 2965 dalupe
577 2873 774 2962 Tepeyacao
791 2868 977 2937 coelebrari
993 2866 1108 2946 refert,
1125 2868 1161 2933 in
1177 2870 1274 2960 cujus
1291 2868 1371 2935 lecti
1386 2874 1508 2936 octavo

437 2984 493 3050 die
504 2982 648 3049 Missam
661 2975 845 3054 celebrare,
862 2978 897 3039 et
913 2970 1110 3038 concionem
1127 2970 1240 3037 dicere
1252 2972 1295 3037 ed
1308 2972 1507 3040 Francisca-

438 3110 501 3155 nos
513 3086 555 3151 de
568 3080 770 3149 Tlaltelolco
780 3079 923 3164 antiquo
932 3076 1006 3163 jure
1020 3076 1225 3161 pertinebat:
1241 3078 1283 3143 (16
1300 3078 1506 3164 populorum

439 3187 654 3263 confluentia,
669 3191 704 3252 et
719 3184 762 3249 de
778 3182 963 3261 miraculis,
981 3204 1047 3269 ope
1063 3182 1101 3247 B.
1120 3182 1157 3246 M
1180 3182 1217 3247 V.
1237 3182 1279 3247 de
1294 3182 1508 3271 Guadalupe.

439 3301 624 3374 aDomino
637 3284 750 3375 lactis,
766 3293 934 3379 loquitur,
951 3298 1054 3379 atque
1071 3298 1173 3362 etiam
1190 3294 1232 3360 de
1249 3318 1338 3361 novo
1365 3301 1400 3363 et
1416 3320 1507 3383 mug-

440 3415 541 3482 uifico
554 3406 709 3494 Temple,
725 3402 820 3491 quod
833 3406 915 3467 tuuc
932 3402 1197 3468 construebatur
1212 3404 1256 3468 ad
1269 3426 1400 3468 sacram
1418 3403 1507 3467 Ima·

440 3519 554 3605 ginem
563 3512 606 3579 de
619 3504 823 3589 Guadalupe
839 3503 873 3567 in
883 3501 947 3567 illo
960 3500 1202 3567 collocandam.
1220 3502 1342 3570 Refert
1357 3506 1461 3571 ctiam
1473 3506 1507 3571 in

439 3618 598 3687 Ecclesia
612 3608 818 3681 Mouasterii
843 3608 962 3676 Sancti
977 3608 1152 3675 Francisci
1169 3610 1213 3675 ad
1246 3610 1430 3676 Tlunoollon
1449 3612 1509 3679 Sa-

443 3846 571 3865 ἒ

452 3926 464 3937 ”
483 3928 528 4003 (1)
572 3919 698 3983 Estrella
711 3916 761 3977 del
773 3916 868 3976 Norte
883 3915 922 3975 de
940 3912 1069 3985 Me'xic0‚
1083 3935 1147 3993 cap.
1165 3935 1212 3992 31,
1231 3918 1313 3975 uum.
1326 3936 1384 3993 33²
1401 3930 1507 3992 etseq.

484 4026 529 4104 (π)
572 4020 683 4081 Disert.
700 4016 818 4078 Hister.
833 4016 921 4074 sobre
937 4015 966 4073 la
980 4014 1142 4093 Aparicioo
1173 4030 1240 4089 etc,
1256 4028 1328 4078 tom.
1351 4037 1378 4093 2,
1393 4036 1460 4095 cap.
1478 4020 1504 4089 8,

497 4143 550 4195 ,o.
573 4124 591 4180 6
614 4123 642 4181 6.

444 4126 460 4203 ⁵
476 4145 530 4309 3(3)
558 4142 767 4291 vincentiae
780 4227 927 4307 praefixae
942 4224 1120 4289 Chronicae.

485 4330 531 4411 (4)
572 4328 708 4390 Tratado
723 4328 759 4399 V,
774 4345 840 4407 cap.
859 4346 887 4402 4,
902 4346 932 4389 u.
952 4344 1000 4406 55,
1014 4336 1045 4389 et
1060 4346 1121 4411 seq.
