3625 5217
1015 426 1080 493 134

569 602 672 669 Sanus
686 602 728 667 D.
741 601 814 667 Leo
828 597 923 665 xm
937 596 1171 685 Apostolicam
1183 592 1462 663 Benedictionem
1478 610 1586 681 popa·

525 704 560 769 lo
576 703 745 791 impertiri
761 700 930 767 concessit
952 700 1008 765 die
1025 700 1065 766 12
1087 700 1290 767 Decembris
1320 698 1355 764 in
1370 696 1409 763 Β.
1427 696 1473 763 Μ.
1488 696 1526 763 V.
1543 696 1585 761 de

525 805 729 893 Guadalupe
746 804 937 891 Oollegiata
948 804 1103 870 Ecclesia
1118 804 1162 870 ad
1177 802 1392 891 Tepeyaoatl.
1413 808 1421 856 t
1426 804 1458 881 1)

711 974 1049 1045 ARGUMENTUM
1063 974 1401 1043 DUODECIMUM.

528 1147 931 1239 Specioliterpcrtinensod
945 1147 1023 1212 allud
1034 1147 1118 1233 qnod
1127 1147 1161 1211 ia
1172 1147 1326 1212 miraculo
1336 1148 1584 1233 apparitionum

920 1250 1194 1337 pemaaaerresnit.

569 1426 697 1493 dedicio
705 1426 883 1511 peritorum
898 1422 1052 1501 virorum,
1068 1421 1227 1509 qaijacto
1238 1422 1391 1499 scientiae,
1420 1430 1448 1487 et
1463 1422 1545 1486 ertia

624 1530 709 1615 leges,
725 1528 899 1612 Imaginem
916 1526 954 1590 B.
973 1524 1021 1590 M.
1044 1524 1074 1590 V.
1091 1524 1129 1591 de
1149 1524 1336 1611 Gaudolrme
1350 1526 1488 1610 inspexe-

693 1638 776 1707 runt,
794 1632 864 1715 ipso
879 1625 991 1709 inrogo
1004 1627 1288 1715 sapenolnrnliler
1302 1628 1425 1714 tlrpicto

911 1735 1018 1820 juisse
1027 1736 1192 1821 protatur.

572 1912 651 1979 Non
665 1910 772 1975 semel
801 1906 959 1986 examini,
989 1912 1025 1973 et
1038 1906 1167 1993 judicio
1193 1908 1380 1995 peritorum
1411 1909 1588 1974 hominum

530 2016 686 2104 subjecta
700 2012 766 2079 tuit
781 2012 887 2079 Sacra
914 2010 1033 2099 Imago
1058 2010 1100 2076 B.
1115 2011 1161 2075 M.
1178 2010 1217 2076 V.
1235 2010 1278 2077 do
1307 2010 1521 2099 Guadalupe
1552 2020 1590 2079 ut

531 2125 591 2199 illi,
607 2117 691 2209 quid
717 2118 759 2184 de
774 2114 852 2201 ipsa
872 2113 1026 2201 Imagine
1040 2115 1136 2201 juxta
1161 2114 1338 2180 scientiam
1354 2118 1389 2180 et
1418 2102 1589 2181 conscien-

531 2219 614 2293 tiam
629 2246 725 2291 suam
740 2219 940 2309 judicarent,
956 2218 1101 2305 ingenue
1118 2222 1332 2284 testarentur.

572 2332 672 2396 Anno
687 2326 781 2403 1666,
798 2344 875 2389 cum
890 2321 1031 2389 testium
1054 2320 1318 2407 interrogatione
1335 2330 1371 2389 66
1395 2324 1498 2391 dictis
1512 2348 1589 2412 pro

531 2432 709 2501 cederetur
724 2427 767 2494 ed
782 2424 1020 2515 Apparitionis
1050 2424 1089 2490 B.
1107 2424 1153 2491 Μ.
1170 2424 1209 2491 V.
1227 2424 1269 2491 de
1300 2426 1504 2516 Guadelupe
1535 2452 1589 2495 re-

531 2537 667 2603 ritatem
678 2531 821 2621 juridice
837 2528 1089 2609 stabiliendam,
1111 2528 1315 2597 conveniens
1330 2530 1441 2597 visum
1471 2540 1525 2601 est
1539 2536 1589 2622 ip·

531 2662 603 2706 sam
618 2636 808 2725 Imaginem
820 2657 841 2699 a
865 2634 949 2701 viris
959 2632 1081 2723 peritis
1097 2632 1229 2721 inspici,
1242 2638 1280 2699 ut
1291 2635 1413 2702 horum
1425 2638 1589 2724 judicium

531 2750 576 2816 acl
590 2750 769 2816 veritatem
784 2746 1021 2835 Apparitionis
1035 2744 1179 2833 juridice
1195 2745 1433 2832 inquirendam
1450 2750 1591 2819 inservi-

531 2860 591 2921 ret
616 2854 755 2942 Septem
767 2874 849 2939 ergo
863 2849 1014 2939 pictores
1030 2850 1129 2916 electi
1146 2856 1235 2929 sunt,
1252 2854 1390 2931 scilicet,
1406 2854 1592 2945 Presbyter

530 2957 573 3022 D.
584 2956 609 3024 J
609 2978 736 3022 oannes
745 2954 920 3041 Salguero‚
931 2953 973 3018 D.
981 2952 1131 3019 Thomas
1141 2952 1308 3033 Conrado,
1316 2956 1357 3021 Ι).
1369 2956 1592 3026 Sebastianus

530 3060 647 3147 Lopez
661 3058 704 3125 de
715 3056 852 3136 Avalos,
868 3055 910 3121 D.
927 3054 1092 3121 Nicotaus
1107 3054 1149 3121 de
1175 3057 1272 3123 Fuen
1288 3058 1458 3141 Ledrada,
1475 3064 1517 3129 D.
1534 3064 1592 3130 Ni·

532 3163 650 3229 colaus
664 3162 708 3229 de
723 3159 869 3249 Angulo,
884 3160 926 3225 D.
940 3160 964 3227 J
965 3182 1092 3226 oannes
1108 3160 1268 3227 Sanchea
1286 3168 1321 3228 et
1335 3165 1377 3229 D.
1394 3166 1593 3255 Alphonsns

533 3264 664 3334 Zarate.
681 3266 735 3331 De
751 3263 807 3329 his
818 3266 967 3331 testatur
977 3261 1014 3328 P.
1028 3262 1208 3329 Florencie
1220 3264 1313 3349 quod
1324 3266 1474 3353 pictores
1497 3280 1594 3337 erant

533 3373 727 3453 examinati,
744 3378 780 3440 et
795 3370 988 3460 approbati,
1019 3373 1122 3455 atque
1138 3370 1266 3438 multos
1282 3395 1344 3459 per
1358 3396 1467 3441 annos
1482 3375 1519 3441 in
1533 3398 1595 3441 sua

535 3486 607 3547 arte
622 3476 751 3544 versati
766 3474 906 3565 publico
921 3475 1054 3561 plausu.
1092 3472 1152 3540 Illi
1167 3494 1259 3561 ergo,
1274 3474 1466 3561 juramento
1482 3502 1593 3545 coram

534 3577 708 3665 judicibus
723 3572 965 3641 ecclesiasticis
980 3578 1083 3661 prout
1097 3572 1140 3639 ds
1166 3572 1240 3659 jure
1263 3576 1441 3662 praestito,
1458 3580 1597 3665 praesia

535 3679 695 3768 diligenti
710 3678 855 3745 Sanctae
883 3674 1051 3762 Imaginis
1065 3678 1307 3763 recognitione,
1340 3685 1375 3745 et
1400 3679 1498 3765 juxta
1513 3682 1597 3750 artis

536 3784 674 3873 regulas
681 3780 883 3869 judicantes,
893 3777 1100 3847 unanimiter
1109 3802 1285 3849 asseruere
1296 3784 1398 3849 talem
1408 3784 1596 3873 Imaginem

539 3908 669 3923 ἢ

536 4042 540 4049 ,
581 3976 626 4051 (1)
669 3974 716 4035 Ita
731 3980 849 4031 constat
874 3974 906 4029 ln
924 3968 1093 4030 Directorio
1119 3972 1328 4033 Ecclesiastico
1356 3974 1599 4038 llexicanaerlr·

541 4078 776 4139 chidioeceseos:
789 4086 881 4150 atque
895 4070 985 4132 etiam
1000 4071 1073 4131 illud
1085 4072 1264 4133 annuntiant
1288 4074 1427 4135 catholici
1441 4076 1600 4155 scriptores

540 4176 591 4239 dic
604 4174 635 4225 ll
654 4172 835 4235 Decembris
862 4174 897 4230 V.
917 4172 964 4230 La
988 4170 1042 4229 Vos
1056 4170 1091 4229 de
1104 4172 1227 4239 Μέπιίο,
1247 4172 1294 4231 ΕΙ
1313 4174 1437 4251 Tiempo.
