3625 5217
822 541 863 608 31

309 715 444 800 tempus
466 735 536 801 quo
565 735 662 779 rosae
692 718 833 800 possent
856 712 989 781 haberi:
1020 715 1101 782 illae
1130 727 1245 785 autem
1274 726 1373 785 erant

309 816 556 904 pulcherrimae
586 820 621 883 et
644 816 947 903 fragrantissimum
972 817 1109 905 aliquae
1129 842 1212 908 ergo
1241 822 1373 909 aooipe·

309 940 346 985 re
361 918 551 985 voluerunt:
566 923 619 985 ter
634 917 891 1006 apprehendere
906 918 978 985 nixi
1000 926 1090 1001 sunt,
1103 928 1139 989 et
1154 946 1295 1009 prorsus
1310 926 1373 991 im·

309 1025 474 1116 possibile
503 1024 570 1092 luit
584 1024 654 1091 illis
683 1046 796 1091 rosam
826 1022 979 1110 aliquam
1001 1045 1104 1092 manu
1133 1020 1271 1106 babere,
1295 1051 1372 1095 eum

309 1126 399 1193 enim
425 1123 681 1212 apprehendere
697 1123 776 1190 illas
796 1122 911 1190 eonati
925 1128 1015 1202 sunt,
1045 1124 1096 1191 ita
1110 1124 1315 1193 videbantur
1330 1150 1369 1195 ac

309 1230 390 1299 aiiu
401 1228 542 1317 palliolo
557 1227 713 1315 depietae
740 1232 864 1307 essent,
892 1226 947 1293 rel
967 1226 1163 1297 elaboratae
1179 1230 1215 1295 in
1245 1230 1323 1319 ipso
1337 1240 1373 1299 et

309 1334 465 1405 intextae.
511 1330 611 1397 Illioo
625 1329 783 1399 Antistiti
812 1351 901 1416 quae
930 1329 1088 1397 viderant
1116 1331 1370 1415 nuntiaverunt,

312 1442 415 1524 alque
426 1435 540 1523 ipsum
553 1434 647 1501 adire
657 1433 745 1499 velle
760 1432 879 1499 indum
894 1431 994 1501 illum
1009 1437 1069 1521 qui
1084 1456 1188 1523 saepe
1203 1443 1305 1503 antea
1319 1462 1374 1505 ve·

308 1545 414 1619 neret,
424 1539 553 1626 quique
563 1537 701 1623 longum
713 1542 848 1623 tempus
857 1541 897 1604 ιιι
906 1536 1021 1625 ipsum
1032 1538 1268 1625 alloqueretur
1275 1562 1372 1628 speo-
1419 1551 1421 1556 '

308 1642 411 1711 tabat
450 1640 536 1707 (lum
552 1640 636 1707 heeo
651 1638 782 1707 audivit
797 1638 960 1720 Antiates,
977 1640 1141 1729 cogitavit
1162 1641 1370 1731 sibimetipsi

307 1746 425 1815 indum
440 1746 560 1811 afferre
572 1743 797 1841 signumque
807 1743 935 1811 veritae
945 1744 1128 1811 verborum
1142 1745 1218 1831 ejus
1232 1744 1370 1833 dignos·

311 1854 452 1929 aeretur,
478 1852 513 1915 et
538 1869 626 1935 quae
649 1846 708 1913 ille
724 1844 848 1933 agebat
862 1846 1142 1935 adimplerentur.
1163 1847 1277 1916 Jussit
1290 1871 1372 1938 ergo

309 1952 427 2019 indum
442 1950 576 2039 ingredi
592 1970 704 2017 eoram
719 1970 765 2017 se.
782 1948 832 2017 Ut
846 1948 1022 2036 ingressus
1036 1955 1090 2017 eet
1103 1949 1264 2031 Joaunes,
1277 1975 1373 2039 pros·

308 2055 412 2125 bavit
440 2076 477 2121 ee
508 2072 621 2121 eoram
635 2051 819 2141 Episoopo,
849 2051 900 2117 uti
927 2057 1028 2120 antea
1057 2058 1289 2135 consueverat,
1321 2060 1372 2121 at·

309 2182 375 2247 qne
389 2159 443 2227 illi
458 2156 609 2225 nunaut
637 2178 872 2244 quaecumque
895 2155 1029 2223 viderat
1042 2161 1079 2224 et
1094 2156 1285 2225 admiratus
1300 2156 1372 2225 fue·

309 2270 371 2342 rat,
387 2266 423 2330 et
437 2262 481 2329 ad
496 2258 581 2347 quid
595 2259 640 2326 ad
654 2258 768 2347 ipsum
783 2258 910 2327 missus
938 2264 1022 2327 erat:
1036 2258 1191 2347 dixitque
1209 2260 1272 2327 illi:
1302 2262 1373 2327 Do·

310 2366 399 2433 mine
416 2365 508 2445 mihi,
525 2386 612 2451 quae
636 2362 842 2451 praeeepisti
867 2362 1064 2450 adimplevi:
1093 2364 1249 2432 dicturus
1278 2364 1370 2431 adivi

309 2470 492 2537 Dominam
513 2489 633 2545 meam,
650 2465 746 2533 Coeli
760 2464 937 2554 Reginam,
953 2466 1114 2535 Smotam
1141 2466 1288 2535 Mariam
1304 2469 1371 2535 Dei

310 2572 527 2651 Genitrieem,
558 2576 592 2638 te
608 2568 743 2656 signum
766 2574 883 2657 petere
913 2570 958 2637 ad
987 2569 1073 2637 mihi
1088 2570 1305 2651 credendum,
1321 2576 1372 2638 at·

312 2700 379 2765 que
395 2681 434 2744 ιιι
447 2674 614 2763 templum
630 2672 680 2739 ibi
690 2677 806 2739 strnue
821 2671 883 2738 ubi
898 2671 976 2760 ipsa
983 2672 1091 2761 Virgo
1106 2672 1290 2741 desiderat:
1301 2673 1374 2742 dixi

310 2804 391 2871 ergo
406 2780 458 2848 illi
481 2802 534 2848 me
550 2780 685 2868 signum
715 2779 857 2868 aliquod
871 2780 946 2867 ejus
961 2778 1149 2846 voluntatis
1164 2778 1209 2845 ad
1223 2784 1258 2847 ts
1275 2780 1373 2846 after·

309 2908 346 2954 re
361 2884 568 2973 promisisse.
599 2882 742 2951 Audivit
756 2905 837 2971 ergo
852 2904 942 2969 quae
956 2888 996 2950 tu
1010 2889 1200 2971 expeteres:
1224 2882 1371 2971 benigne

300 2988 393 3056 'tulit
407 2992 442 3054 te
460 2986 596 3076 signnm
618 2992 736 3074 petere
751 2985 796 3053 ed
822 2986 1035 3075 implendum
1064 2987 1274 3053 voluntatem
1289 2987 1375 3073 ejue3

311 3096 414 3177 atque
430 3089 532 3157 hodie
562 3090 661 3157 valde
677 3112 775 3157 mane
791 3112 845 3157 me
860 3111 981 3158 rursus
996 3089 1041 3156 ad
1058 3094 1092 3155 te
1108 3088 1223 3156 venire
1238 3111 1375 3177 praere·

306 3194 371 3283 ,pir
415 3192 593 3261 Postulavi
608 3194 743 3280 signum
760 3192 901 3279 aliquod
917 3198 956 3260 ut
974 3191 1103 3273 credar,
1119 3198 1159 3259 nt
1187 3190 1275 3258 dixit
1290 3191 1375 3258 mihi

312 3320 350 3365 ee
374 3296 542 3374 daturam,
566 3296 660 3383 quod
689 3296 784 3363 illico
813 3295 1025 3383 adimplevit,
1045 3300 1081 3363 et
1110 3294 1208 3361 misit
1237 3317 1290 3361 me
1319 3317 1376 3361 eu·

312 3422 374 3487 pra
388 3400 509 3469 collem
539 3401 574 3467 in
589 3423 667 3467 eum
693 3402 806 3469 locum
832 3400 893 3467 ubi
922 3406 1024 3467 antea
1038 3400 1192 3469 videram
1217 3400 1323 3479 illam,
1336 3408 1376 3467 nt

312 3503 391 3571 inde
406 3526 502 3571 rosas
531 3504 736 3592 colligerem,
766 3510 801 3571 et
830 3503 992 3571 oolleetas
1016 3503 1061 3570 ad
1075 3504 1187 3591 ipsam
1213 3504 1303 3571 inira
1317 3503 1376 3571 de-

312 3608 445 3675 ferrem:
461 3614 564 3693 etque
579 3606 652 3673 suis
682 3606 839 3675 manibus
854 3626 953 3673 rosae
966 3607 1109 3695 aceepit,
1126 3628 1166 3673 ae
1180 3628 1301 3673 rursus
1315 3628 1376 3693 po-

314 3709 384 3781 suit
397 3710 434 3775 in
463 3709 605 3797 palliolo
628 3732 713 3789 meo,
734 3708 867 3777 utilius
882 3709 927 3777 ud
942 3716 976 3777 te
992 3708 1170 3787 deferrem,
1185 3716 1222 3775 et
1236 3709 1302 3775 tibi
1317 3707 1376 3774 da·

314 3830 395 3878 rem:
421 3810 524 3879 Certo
550 3834 708 3881 noveram
724 3836 830 3903 supra
859 3814 957 3881 illum
973 3815 1095 3883 collem
1125 3816 1264 3883 minime
1280 3838 1377 3882 rosas

314 3914 396 3991 oriri
408 3938 519 4006 posse,
532 3918 692 4005 quoniam
704 3916 791 3985 nihil
807 3917 904 3986 aliud
917 3918 967 3987 ibi
984 3918 1137 3986 abundat
1151 3919 1219 3987 nisi
1235 3940 1326 3999 saxa,
1342 3928 1378 3987 et

313 4024 443 4103 tribuli,
459 4028 494 4091 et
509 4024 637 4113 spinae,
647 4028 683 4091 et
697 4024 850 4112 opuntia,
863 4030 899 4092 et
914 4024 1084 4113 presepia
1099 4044 1217 4091 verum
1232 4021 1378 4089 nullate-

313 4146 377 4193 nus
391 4125 558 4205 dubitevi3
573 4132 676 4213 atque
688 4133 727 4194 ut
742 4127 881 4216 perveni
896 4149 1001 4216 supra
1017 4128 1150 4207 nollem,
1162 4125 1278 4192 inveni
1288 4124 1379 4191 flori·

314 4228 392 4295 dam
407 4234 543 4310 terram,
558 4229 594 4295 in
617 4252 686 4317 qua
700 4252 797 4297 rosae
809 4228 977 4318 plurimae
993 4233 1177 4310 eruperant
1191 4225 1379 4317 pulcherri-

316 4353 401 4415 mo
423 4354 500 4405 rore
526 4338 624 4401 erant
643 4332 812 4429 pertusae,
837 4338 873 4403 ot
896 4330 981 4405 solis
994 4331 1124 4409 lumine
1150 4329 1380 4429 splendentes,
