3625 5217
472 676 568 761 17563
584 678 630 767 (1)
646 686 682 748 et
706 681 841 749 Matriti
868 683 1057 751 ann01785
1079 682 1116 749 in
1130 704 1234 771 opere
1250 682 1305 748 cui
1334 672 1458 751 titulus
1476 670 1536 751 00·

472 785 582 853 Ιωσὶοη
597 787 635 853 dc
663 786 757 853 obraa
771 810 792 872 y
817 788 978 873 woman
1002 784 1240 873 pernumerem
1267 786 1340 853 dle
1363 786 1537 873 mrlnqrcen

473 888 650 977 Aparn'ciou
664 890 702 955 dc
716 890 748 955 la
763 890 930 957 Belliaima
944 890 1074 975 lmaqen
1087 890 1126 955 de
1141 890 1183 955 N.
1209 888 1333 957 serora
1347 890 1385 956 de
1405 888 1538 958 Gauda

472 992 553 1079 lupa
568 996 602 1059 et
617 992 721 1059 etiam
737 992 998 1060 Gnadalaxarae
1025 1015 1114 1059 anuo
1140 993 1224 1059 1873
1239 993 1395 1081 inopere
1411 992 1466 1058 cui
1494 990 1539 1059 ti·

473 1095 568 1163 tulus
589 1095 641 1161 La
655 1095 875 1183 Reliyionyla
897 1094 1062 1175 scateam,
1076 1096 1195 1162 omisis
1206 1096 1256 1161 ibi
1282 1094 1538 1184 approbationi·

472 1197 540 1264 bue
550 1196 729 1287 pictorum,
739 1197 922 1265 brevitatis
937 1220 1051 1279 cauea;
1065 1221 1155 1265 nunc
1170 1197 1283 1265 denuo
1293 1198 1388 1287 typis
1399 1196 1537 1265 manda·

474 1306 541 1381 tur,
557 1300 777 1389 desumptum
802 1324 842 1369 er
858 1300 1010 1367 secunda
1034 1324 1075 1368 ex
1090 1300 1288 1368 memoretis
1316 1299 1535 1380 editionibus,

475 1404 639 1492 adquam
655 1404 759 1471 etiam
784 1403 936 1472 fideliter
960 1404 1192 1471 conformatur
1207 1404 1243 1471 in
1260 1404 1420 1470 omnibus
1448 1424 1536 1490 quae

475 1507 757 1596 orthographiam
780 1508 963 1595 pertinent

492 1656 503 1675 .
517 1611 665 1679 Etiamsi
681 1612 854 1698 praeclare
871 1635 943 1679 rem
959 1612 1118 1679 tractavit
1140 1612 1300 1692 cabrera,
1316 1611 1474 1678 videatur
1487 1610 1538 1677 in·

475 1738 580 1805 super
594 1714 631 1781 in
646 1714 796 1781 secunda
810 1720 907 1803 parte
923 1715 1026 1801 hujus
1048 1714 1284 1782 disertationie
1301 1718 1537 1803 argumentum

475 1818 724 1887 duodecimum.

879 2005 1134 2019 *—

670 2269 675 2278 ,
770 2138 920 2258 PARS
950 2139 1241 2259 SECUNDA.

690 2336 901 2402 Aeaeum
922 2352 1328 2415 remnanmrm‚oo1ene

534 2438 572 2507 B.
590 2440 636 2507 M.
654 2439 693 2508 V.
711 2456 854 2514 mneoua
874 2438 1029 2503 mamre
1049 2456 1095 2503 na
1109 2437 1316 2506 Garumnae
1339 2439 1480 2507 Maiar-

799 2558 1198 2607 moraeconraoammm

836 2678 1166 2749 PROTESTATIO.

523 2820 609 2891 Ourn
625 2820 661 2887 in
675 2820 750 2901 hac,
767 2826 802 2887 et
816 2820 852 2885 in
868 2820 1026 2905 sequenti
1042 2819 1145 2905 hujue
1164 2820 1418 2889 dissertationis
1441 2827 1539 2910 parte

477 2924 647 3015 agendum
664 2924 710 2991 eit
740 2923 782 2991 de
798 2922 851 3002 iis,
879 2944 968 3009 quae
997 2922 1275 3011 Guedalnpeneie
1303 2925 1540 3014 Apparitionie

478 3029 627 3117 probant
641 3026 831 3105 veritatem3
844 3048 990 3111 cumque
1004 3025 1073 3110 jam
1089 3024 1125 3091 in
1137 3024 1248 3113 prima
1259 3032 1356 3115 parte
1373 3027 1540 3114 quaedam

478 3130 548 3199 aiut
576 3130 716 3209 ineerta,
732 3150 821 3216 qnae
850 3128 1111 3216 Apparitionem
1127 3134 1276 3209 narrant,
1288 3135 1324 3197 et
1349 3130 1540 3219 Imaginem

478 3236 688 3316 describunt,
705 3235 797 3303 etde
813 3236 967 3323 ejusdem
989 3236 1141 3302 mirabili
1154 3236 1309 3324 picturae
1335 3234 1439 3301 modo
1453 3240 1541 3303 trao-

478 3344 655 3421 tentante
670 3338 787 3406 omnia
798 3362 939 3407 necesse
949 3345 1002 3406 eat
1013 3338 1196 3419 declarare,
1211 3344 1248 3407 et
1261 3338 1298 3405 in
1309 3337 1542 3426 praeinsertis,

479 3434 566 3511 etin
580 3442 855 3531 quibuscumque
871 3442 1173 3529 subsequentibus,
1200 3442 1273 3510 eive
1288 3441 1455 3509 historica
1467 3462 1544 3509 nur·

479 3550 599 3613 rentur
614 3544 858 3632 cujuscumque
889 3546 1034 3633 generis,
1064 3547 1119 3612 vel
1141 3545 1264 3625 cultae,
1295 3544 1349 3611 vel
1364 3542 1544 3611 muacnlo·

480 3666 568 3727 rum,
584 3651 658 3726 etc,
675 3645 746 3713 eive
763 3646 965 3734 theologice,
988 3647 1060 3714 eive
1089 3647 1329 3736 philosophice
1343 3646 1543 3726 disseratur,

481 3748 710 3815 omnimodam
738 3749 985 3835 subjectionem
1000 3749 1147 3817 decretis
1162 3752 1244 3819 Smi
1275 3750 1418 3841 Domini
1432 3749 1545 3818 Urba·

481 3874 526 3919 no
534 3852 625 3919 VIII
634 3852 886 3919 dissertationis
898 3860 1071 3919 auctorem
1082 3854 1347 3941 protestari3neo
1356 3853 1544 3942 quidquam

481 3956 561 4042 plue
584 3954 675 4035 fidei,
700 3960 736 4023 et
760 3956 885 4022 valoris
910 3956 1037 4023 habere
1064 3957 1279 4038 censendum,
1304 3962 1545 4045 praeterquam

483 4056 576 4145 qnod
586 4057 730 4125 Sanctae
741 4058 841 4126 Sedis
850 4058 1070 4147 Apostolicae
1084 4059 1213 4145 judicio
1225 4059 1351 4127 debeat
1365 4060 1500 4129 habere

481 4232 568 4401 Mo)
612 4230 766 4304 Beristain,
783 4230 901 4295 Bibliot.
928 4230 1015 4311 Hisp.
1041 4232 1231 4307 ameriam,
1255 4246 1308 4295 aru
1342 4234 1474 4297 cabrera
1499 4232 1546 4297 Β.

521 4330 609 4412 r'grul.
