3625 5217
953 496 995 563 δι

444 690 531 754 quas
551 666 645 735 illico
677 668 808 757 collegi.
855 669 1035 755 Jussitque
1061 669 1147 736 mihi
1167 669 1300 757 Regina
1322 667 1367 734 ad
1388 674 1424 735 te
1446 690 1506 736 ees

443 772 573 851 afferre,
589 769 683 858 quod
698 770 837 859 quidem
853 770 1035 861 adimpleo,
1050 778 1089 839 ut
1103 771 1220 839 videas
1235 770 1329 859 quod
1343 770 1499 859 petivisti

443 874 577 963 signnm
604 873 648 940 ad
677 874 887 963 implendum
911 876 985 961 ejus
1000 876 1219 953 voluntatem,
1235 880 1338 960 atque
1355 879 1394 940 ut
1426 896 1504 940 ma-

444 975 569 1045 nifesta
597 978 644 1045 sit
668 978 795 1045 veritas
824 978 1006 1045 verborum
1035 1000 1198 1058 meorum,
1228 983 1264 1046 et
1278 977 1505 1045 nuntiationis

444 1103 546 1147 meaa.
563 1080 663 1159 Ecce,
679 1080 833 1168 accipere
848 1081 998 1169 dignare.
1014 1082 1061 1149 Et
1075 1082 1192 1149 statim
1207 1080 1374 1168 explicuit
1388 1080 1505 1147 album

446 1182 623 1271 palliolum
639 1183 675 1249 in
690 1205 759 1270 quo
774 1206 871 1251 rosae
885 1185 1153 1252 continebantur.
1197 1186 1283 1251 Cum
1298 1206 1397 1252 rosae
1412 1207 1509 1273 spar-

446 1303 504 1348 sae
531 1280 736 1362 ceciderunt,
753 1282 869 1349 statim
885 1282 935 1349 ibi
950 1282 1087 1371 depicta
1106 1282 1180 1349 visa
1201 1288 1256 1349 cst
1277 1282 1509 1370 pulcherrima

447 1384 560 1471 imago
575 1384 719 1451 Sanctae
742 1384 873 1453 Mariae
900 1408 1036 1473 semper
1049 1385 1211 1474 Virginis,
1227 1392 1263 1453 et
1277 1386 1345 1453 Dei
1359 1386 1510 1454 Genitri·

448 1489 506 1569 eis,
523 1488 636 1575 qualis
652 1489 696 1555 ad
711 1489 796 1555 haec
811 1512 920 1577 usque
941 1495 1097 1577 tempora
1111 1488 1368 1577 religiosissime
1398 1512 1510 1557 servs·

447 1590 554 1659 turin
570 1592 698 1679 templo
721 1592 919 1681 Tepayacac
933 1592 969 1657 in
998 1592 1073 1679 ejus
1088 1592 1251 1659 honorem
1267 1591 1391 1671 dicato,
1408 1614 1511 1679 quae·

447 1716 514 1781 que
531 1694 656 1761 dicitur
684 1694 896 1783 Guadalupe.
942 1696 992 1763 Ut
1013 1718 1093 1762 vero
1110 1695 1195 1762 vidit
1220 1695 1316 1762 illam
1341 1694 1512 1763 Dominus

448 1796 652 1884 Episcopus,
669 1802 704 1863 et
718 1820 836 1865 omnes
852 1798 901 1863 ibi
917 1802 1078 1877 astantes,
1094 1820 1206 1885 genua
1219 1798 1394 1876 flexerunt
1411 1797 1513 1865 mira-

450 1898 477 1965 ti
492 1905 573 1966 sunt
594 1899 702 1979 valde,
716 1901 922 1988 aspicientes
937 1900 1189 1980 detinebantur,
1206 1900 1335 1969 tristati
1348 1906 1437 1980 sunt,
1453 1898 1513 1965 do-

449 2000 596 2080 luerunt,
613 2003 774 2089 quoniam
790 2004 875 2071 haec
890 2003 965 2070 fieri
980 2026 1047 2069 non
1071 2004 1311 2091 cogitaverant
1344 2002 1514 2071 Dominus

450 2106 565 2169 autam
587 2102 790 2191 Episcopus,
817 2103 1035 2191 illacrymans
1054 2109 1090 2171 et
1104 2104 1225 2183 tristia,
1249 2103 1373 2182 orarit,
1398 2109 1434 2170 et
1458 2123 1514 2167 ve·

451 2203 543 2271 niam
559 2205 669 2291 petiit,
685 2228 726 2271 eo
741 2206 834 2299 quod
854 2205 1007 2294 Virginis
1023 2207 1234 2273 uoluntatem
1264 2210 1301 2272 et
1316 2204 1421 2271 verba
1445 2225 1515 2275 nou

452 2306 708 2393 adimpleverat:
738 2310 885 2381 surrexit
909 2308 1043 2388 deinde,
1064 2315 1168 2395 atque
1187 2331 1228 2374 ex
1253 2308 1400 2376 Joannis
1426 2306 1515 2374 collo

452 2408 631 2501 palliolum
654 2411 766 2491 solvit,
789 2412 824 2478 in
840 2434 910 2499 quo
925 2413 1062 2501 depicta
1077 2412 1152 2478 risa
1174 2411 1241 2478 fuir
1255 2410 1352 2478 Coeli
1372 2409 1514 2497 Regina,

453 2512 601 2600 tulitque
618 2514 715 2594 illud,
736 2522 771 2583 et
792 2518 909 2610 posuit
928 2518 1034 2588 insui
1053 2516 1163 2609 ipsius
1189 2513 1358 2587 Oratorio.
1398 2514 1445 2579 Et
1460 2511 1516 2582 die

453 2622 514 2691 illa
528 2622 551 2689 J
552 2645 679 2689 oannes
695 2625 848 2693 Didacus
863 2627 1051 2713 permansit
1066 2626 1101 2692 in
1116 2625 1282 2713 Episcopi
1297 2624 1408 2690 dome.
1432 2623 1517 2689 Pos-

453 2730 528 2797 tora
543 2724 598 2793 die
614 2726 701 2792 dixit
717 2728 778 2793 illi:
794 2728 878 2794 vade
895 2733 934 2794 ut
948 2729 1110 2795 ostendas
1133 2729 1247 2795 locum
1262 2727 1323 2794 ubi
1338 2726 1434 2793 Coeli
1450 2726 1517 2793 Re·

454 2828 534 2915 gina
549 2830 715 2917 templum
738 2852 837 2896 suum
853 2830 1068 2898 inhonorem
1084 2832 1172 2897 strui
1188 2831 1271 2909 vult,
1288 2829 1459 2897 utstatim
1474 2828 1517 2895 de

455 2954 496 3001 ao
511 2932 722 2999 aedificando
746 2939 876 3020 agatur.
913 2934 1000 3001 Cum
1019 2935 1172 3001 ioannes
1192 2933 1347 3000 Didacus
1362 2931 1518 3020 praedio-

456 3043 528 3106 tum
544 3038 657 3105 locum
679 3037 935 3118 demonstravit,
957 3038 1090 3105 veniam
1116 3037 1315 3125 impetravit
1344 3058 1442 3104 suam
1457 3037 1519 3105 do·

456 3162 548 3209 mum
564 3141 722 3221 adeundi,
746 3142 950 3209 avunculum
964 3142 1132 3209 ioannem
1154 3138 1406 3208 Bernardinum
1427 3140 1519 3208 visu·

456 3266 524 3325 rus,
541 3245 601 3333 qui
617 3246 712 3333 gravi
738 3246 936 3313 infirmitate
950 3245 1132 3312 laborabat
1157 3242 1296 3333 quando
1312 3242 1357 3311 ab
1371 3242 1435 3311 illo
1448 3242 1519 3309 dis·

457 3348 568 3429 cessit,
584 3348 802 3415 Sacerdotem
819 3354 1002 3415 vocaturus
1013 3372 1034 3415 a
1048 3348 1241 3427 Tlatilolco,
1257 3348 1319 3436 qui
1335 3344 1521 3416 confessio·

457 3472 534 3517 nem
559 3450 807 3539 ejus0audiret,
839 3452 1022 3539 ipsumque
1048 3451 1241 3539 inungeret,
1265 3470 1437 3538 quemque
1452 3448 1521 3535 jam

457 3554 596 3623 sanitati
612 3554 809 3621 restitutum
825 3554 913 3621 dixit
926 3554 979 3620 illi
994 3554 1090 3621 Cocli
1116 3554 1256 3641 Regina.
1302 3553 1349 3620 At
1374 3574 1443 3618 non
1470 3550 1521 3617 di·

459 3656 624 3723 miserunt
653 3657 750 3723 illum
777 3668 816 3723 ut
836 3658 931 3723 solus
947 3656 1068 3731 adiret:
1097 3658 1157 3723 sed
1180 3657 1352 3723 duxeruut
1380 3678 1459 3722 cum
1485 3656 1521 3720 iu

459 3760 596 3826 domum
627 3782 732 3827 suam.
778 3760 864 3827 (lum
880 3782 961 3826 vero
975 3765 1212 3847 peruenerunt,
1225 3758 1431 3825 avunculum
1447 3758 1521 3844 ejus

460 3862 618 3929 viderunt
643 3862 794 3949 perfecta
808 3862 957 3950 gaudere
973 3863 1131 3941 sanitate;
1146 3863 1233 3930 nihil
1245 3862 1457 3929 infirmitatis
1485 3861 1521 3926 in

458 3970 528 4036 illo.
576 3968 654 4056 Ipse
670 3972 785 4034 autem
800 3966 899 4034 valde
915 3966 1059 4033 miratus
1073 3973 1127 4033 est
1141 3964 1237 4053 quod
1252 3967 1302 4033 ite
1330 3966 1520 4032 honoratus

458 4074 531 4159 ejus
566 4070 790 4139 consobrinus
816 4068 1002 4148 adveniret,
1032 4070 1216 4157 ipsumque
1242 4091 1302 4135 cur
1318 4069 1384 4136 hoc
1399 4068 1449 4135 ita
1463 4067 1522 4133 fie-

458 4188 519 4263 ret,
537 4205 598 4251 cur
611 4182 662 4251 ita
676 4182 903 4250 honoraretur
917 4181 1149 4271 interrogavit
1194 4180 1261 4248 Ille
1277 4186 1392 4248 autem
1418 4200 1523 4247 enar-

457 4286 545 4365 ravit
569 4285 743 4385 quomodo
766 4284 906 4381 quando
930 4284 1150 4361 Sacerdotem
1178 4290 1362 4361 vocaturus
1390 4282 1522 4367 adibat.
