3625 5217
936 619 1002 701 ddi

451 808 509 875 tur
523 804 730 875 notabilium
762 806 925 887 virorum,
941 806 1003 895 qui
1029 805 1066 873 in
1092 804 1212 874 eadem
1242 806 1516 898 Congregationa

449 910 591 980 luerunt
604 912 764 1000 inscripti
779 935 889 1001 nsque
900 912 944 978 ad
957 922 1082 978 armum
1095 912 1189 991 1802,
1202 934 1273 999 quo
1288 936 1376 1001 opus
1391 912 1516 981 ιιᾰιιιιο-

448 1021 523 1083 tnm
548 1016 617 1084 init
644 1017 884 1105 approbatum.
940 1016 1169 1083 Inveniuntur
1195 1039 1277 1105 ergo
1305 1016 1416 1085 Rmus
1446 1016 1514 1083 Lo·

448 1142 604 1203 ronzano,
625 1122 916 1210 Archiepiscopus
946 1120 1156 1199 Maricanus,
1187 1125 1223 1187 et
1252 1120 1450 1201 Toletanns,
1477 1124 1514 1187 et

385 1250 390 1270 ¹
448 1222 644 1295 cardinalis
655 1227 801 1295 Sanctae
814 1227 990 1294 Romanae
1006 1226 1194 1308 Ecclesiae,
1205 1234 1283 1297 octo
1300 1229 1361 1295 alii
1369 1228 1513 1297 Archis-

446 1330 583 1420 piacopi
597 1337 632 1399 et
642 1331 818 1420 Episcopi,
836 1330 973 1419 plurimi
990 1332 1171 1411 Doctores,
1201 1338 1238 1399 et
1266 1332 1431 1400 Oauonici
1447 1332 1512 1402 Ga-

446 1434 666 1518 thedralinm,
682 1444 719 1505 et
732 1437 858 1505 Clerici
880 1436 1076 1505 saeculares
1091 1442 1126 1505 et
1141 1437 1328 1525 regulares,
1344 1442 1380 1506 et
1391 1438 1512 1511 civiles

446 1548 684 1637 Magistratus

489 1658 617 1725 Sancta
631 1657 740 1726 Sedes
755 1657 958 1746 Apostolica
972 1656 1197 1745 indulgentiis
1213 1658 1338 1725 ditavit
1353 1657 1509 1747 praedic-

445 1768 517 1831 tam
532 1760 840 1850 congregationem
855 1762 894 1827 B.
912 1761 959 1828 M.
975 1760 1015 1829 V.
1030 1760 1073 1829 da
1089 1761 1305 1848 Guadalupe.
1339 1762 1386 1847 (1)

486 1865 734 1955 Archipraasul
751 1866 880 1954 Aguiar
893 1888 917 1953 y
932 1866 1053 1933 Seixas
1079 1865 1214 1933 curavit
1241 1864 1508 1954 diligentissima

445 1967 559 2035 cultus
574 1972 795 2055 angmentum
811 1967 847 2033 in
877 1966 1022 2055 Templo
1052 1964 1327 2053 Tepcyaquensi,
1350 1969 1386 2033 et
1411 1966 1508 2052 quod

442 2075 560 2137 exacte
570 2072 688 2138 munia
703 2071 983 2159 adimplerentur,
999 2070 1072 2137 sive
1093 2069 1136 2136 de
1149 2068 1335 2137 Missarum
1355 2070 1508 2137 celebra·

443 2172 548 2254 tione,
575 2172 648 2241 sive
660 2173 704 2240 de
716 2173 949 2253 concionibus,
967 2179 1001 2241 et
1021 2173 1064 2242 de
1077 2173 1215 2241 Rosarii
1240 2178 1276 2240 st
1291 2174 1505 2241 littaniarnm

442 2278 584 2366 publica
598 2278 809 2346 recitatione.
854 2278 923 2346 Sex
939 2280 1080 2366 insuper
1094 2278 1204 2345 erexit
1218 2278 1454 2366 cappellanias
1469 2278 1507 2347 in

441 2381 674 2471 ipsc'l'emplo,
687 2388 726 2450 ut
744 2404 805 2450 ser
817 2374 1022 2450 Sacerdmes
1044 2382 1188 2449 Missam
1201 2382 1252 2449 ibi
1279 2382 1506 2463 celebrarent,

440 2497 544 2578 atque
559 2491 812 2580 superpelliceo
835 2489 949 2558 induti
965 2489 1113 2576 singulis
1128 2489 1284 2557 sabbatis
1296 2488 1333 2555 in
1356 2488 1506 2577 Presby-

440 2595 703 2664 terioadessent
717 2594 799 2662 dum
820 2594 1011 2683 antiphona
1037 2592 1133 2661 Salve
1149 2594 1274 2677 Regina
1303 2592 1506 2661 solemniter

440 2700 656 2780 cantabatur;
667 2705 771 2787 atque
783 2698 888 2765 etiam
899 2706 939 2767 ut
954 2700 991 2765 in
1002 2697 1164 2765 omnibus
1175 2696 1285 2777 lestis,
1296 2698 1431 2784 quaein
1447 2718 1505 2765 oo·

437 2804 516 2871 dom
537 2801 682 2891 Templo
707 2801 907 2869 solemniter
934 2799 1209 2875 celebrabantur,
1239 2804 1274 2866 et
1296 2799 1438 2881 Missae,
1468 2806 1505 2867 et

437 2908 560 2999 primis
574 2913 610 2974 et
620 2903 781 2974 secundis
791 2904 956 2995 vesperis,
973 2904 1135 2972 similiter
1146 2903 1271 2983 induti,
1288 2903 1502 2972 assisterent·

436 3033 570 3081 necnon
582 3015 627 3090 st,
643 3014 781 3098 praeter
795 3007 883 3073 alias
897 3006 1111 3093 largitiones,
1138 3006 1321 3094 pecuniam
1351 3005 1449 3075 dedit
1463 3014 1504 3076 nt

435 3120 604 3207 perpetuo
616 3113 757 3182 musicis
766 3112 1006 3180 instrumentis
1018 3112 1298 3192 consonantibus,
1309 3112 1503 3202 antiphona

435 3222 531 3291 Salve
545 3221 674 3308 Regino
684 3218 722 3285 in
732 3217 811 3307 ipso
821 3216 967 3305 Templo
977 3220 1185 3297 cantaretur,
1201 3224 1237 3286 ct
1249 3217 1343 3286 mille
1358 3218 1503 3307 reliquit

435 3348 594 3395 nummos
608 3328 792 3412 argenteos
808 3318 883 3407 (mil
896 3324 1013 3409 pasus)
1030 3320 1075 3387 ad
1091 3321 1280 3391 Missurum
1296 3323 1502 3393 celebratio·

435 3454 521 3501 nsm
551 3434 571 3497 2

476 3432 583 3627 ando)
591 3554 686 3633 1686,
700 3559 741 3622 ut
756 3559 858 3621 antea
872 3551 1002 3619 dictum
1018 3558 1082 3632 est,
1098 3554 1238 3623 licentia
1254 3576 1419 3623 concessa
1433 3556 1502 3625 luit

433 3668 472 3730 ut
485 3660 580 3750 typis
594 3658 817 3727 mandaretur
842 3679 931 3745 opus
957 3655 994 3723 P.
1012 3656 1195 3725 Florencia
1216 3659 1272 3727 cni
1298 3660 1422 3729 titulus
1438 3662 1500 3729 Es·

432 3766 524 3831 trellc
537 3764 587 3831 dcl
601 3764 703 3831 Nortc
716 3762 755 3829 de
770 3762 904 3829 Me'aico:
928 3762 1084 3829 meminit
1114 3769 1229 3831 autem
1259 3764 1336 3851 ejus
1366 3770 1498 3846 auctor,

431 3872 569 3957 praeter
583 3867 651 3933 alia
665 3867 763 3947 leste,
779 3866 875 3934 illius
897 3866 993 3955 quod
1008 3867 1155 3955 singulis
1178 3868 1278 3937 aunis
1293 3870 1338 3936 ab
1353 3869 1447 3937 indis
1461 3869 1498 3938 in

431 3970 693 4061 'l'epeyaquensi
721 3970 866 4059 Templo
890 3971 1132 4041 celebrabatur
1160 3972 1196 4041 in
1211 3973 1375 4043 honorem
1391 3974 1433 4043 B.
1448 3976 1495 4045 M

471 4182 516 4261 (ι)
558 4182 712 4261 siguense,
729 4179 769 4243 ib.
786 4202 851 4261 cap.
876 4204 905 4262 9,

471 4279 517 4356 (a)
559 4278 682 4352 Tomel,
699 4278 914 4356 Laaparicion
930 4290 997 4353 etc,
1009 4286 1083 4343 tom.
1104 4302 1129 4355 ι,
1145 4302 1209 4363 cap.
1227 4304 1272 4359 14,
1285 4286 1367 4345 ndm.
1387 4288 1497 4348 262.-

428 4374 595 4455 nosceta,
611 4378 737 4443 Eatrella
755 4379 807 4443 del
823 4378 919 4445 none
933 4382 972 4445 de
990 4382 1121 4457 Me'xico,
1137 4402 1202 4464 cap.
1216 4403 1265 4466 32,
1285 4378 1367 4448 nim.
1385 4404 1455 4471 3⁴9·
