3625 5217
970 552 1034 625 206

507 726 579 797 132
603 722 802 820 Rossignoli
813 722 851 797 P.
863 722 1009 799 Carolus
1030 728 1217 819 Gregorius
1232 730 1274 797 de
1287 726 1533 817 Guadalnpen·

461 832 492 899 si
506 833 647 923 Virgine
662 835 767 901 verba
781 834 864 903 iacit
878 836 915 902 in
930 858 1043 923 opere,
1061 836 1116 902 cui
1138 835 1262 903 titulus
1284 833 1478 899 Maravrilas
1492 832 1533 897 de

461 918 543 985 Dios
557 943 595 984 en
608 943 662 986 arta
677 920 800 988 Samos.
819 921 865 1007 (1)

504 1091 575 1159 133.
613 1093 747 1159 Gemeli
777 1093 913 1160 Carrari
927 1094 1080 1161 Joannes
1109 1093 1323 1171 Franciscus,
1354 1091 1475 1170 Italus,
1492 1090 1531 1157 in

459 1216 572 1282 opere,
589 1196 644 1263 cui
659 1196 782 1263 titulus
811 1197 860 1262 ΕΙ
870 1198 942 1282 piro
956 1197 1005 1262 del
1018 1198 1150 1277 Mundo,
1167 1203 1247 1264 tom.
1263 1198 1292 1263 6.
1309 1198 1348 1263 Β.
1364 1194 1410 1261 Μ.
1428 1194 1466 1261 V.
1482 1194 1527 1261 de

460 1297 663 1387 Gnadalnpa
679 1300 844 1380 meminit,
854 1300 951 1386 juxta
963 1299 1088 1366 Guridi
1099 1300 1251 1369 Alcoser.
1270 1303 1315 1384 (2)
1333 1300 1410 1366 Hoc
1425 1321 1525 1387 opus,

455 1398 550 1488 juxta
564 1402 747 1483 Beristain,
765 1406 811 1489 (3)
829 1409 899 1491 typ.
918 1403 1049 1470 editum
1065 1404 1130 1470 init
1164 1422 1253 1470 anno
1270 1406 1365 1473 1700.
1407 1404 1525 1489 Atque

458 1510 556 1600 iuxta
570 1510 685 1599 ipsum
700 1511 876 1579 Beristain
891 1512 949 1579 hic
965 1513 1100 1580 Gemeli
1115 1512 1261 1593 Camari,
1277 1515 1332 1580 vel
1348 1513 1447 1593 alius,
1463 1511 1525 1599 qui

458 1614 525 1682 hoc
539 1637 663 1681 nomen
677 1615 746 1682 sibi
762 1616 960 1704 assumpsit,
976 1617 1148 1683 Mexicum
1161 1616 1309 1697 advenit,
1326 1622 1430 1703 atque
1446 1638 1524 1683 ern-

457 1722 668 1791 ditissimum
678 1731 832 1792 nostrum
843 1726 1004 1792 Carolum
1016 1726 1186 1813 Sigiienza
1199 1726 1314 1799 adivit,
1330 1731 1365 1792 et
1377 1726 1524 1792 familia-

455 1828 541 1897 riter
556 1851 632 1895 cum
662 1829 741 1917 ipso
756 1835 978 1896 conversatus
994 1834 1056 1909 est,
1074 1852 1094 1895 a
1110 1832 1179 1916 qno
1203 1829 1290 1896 duas
1306 1851 1450 1917 mappas
1466 1850 1523 1895 rac·

455 1934 558 2024 oepit;
573 1940 609 2000 et
623 1932 756 2021 absque
771 1926 879 2000 dubio
895 1934 997 2021 plura
1013 1934 1057 1999 ad
1073 1956 1129 2001 res
1144 1938 1282 2001 nostras
1309 1932 1523 2021 pertinentia

455 2037 579 2104 didicit
594 2037 639 2104 ab
656 2036 725 2103 illo.

499 2206 734 2277 134.'Aluarez
749 2208 792 2276 de
808 2210 844 2277 la
857 2209 993 2277 Fuente
1008 2208 1064 2275 Fr.
1081 2209 1224 2297 Joseph,
1243 2207 1385 2276 Ordinis
1400 2208 1520 2275 Sancti

454 2312 641 2393 Francisci,
657 2314 814 2381 meminit
828 2313 867 2380 B.
884 2313 931 2381 M.
947 2310 987 2379 V.
1002 2312 1044 2379 de
1061 2312 1265 2401 Guadalupe
1282 2316 1445 2399 inopere,
1462 2312 1520 2379 cui

451 2416 575 2484 titulus
587 2417 707 2483 Diario
722 2416 892 2483 Historiae.
917 2416 1002 2503 Typ.
1014 2414 1066 2481 ed.
1084 2414 1220 2482 Matriti
1236 2438 1325 2483 anno
1356 2415 1449 2481 1733.
1469 2413 1517 2499 (4)

495 2590 567 2656 135.
603 2589 702 2655 Anno
718 2588 812 2668 1740,
828 2594 949 2674 agente
966 2586 1239 2673 congregatione
1255 2586 1518 2674 Guadalupensi

452 2689 587 2757 Matriti
603 2690 771 2768 instituta,
788 2690 882 2776 typis
897 2690 992 2755 edita
1012 2688 1107 2755 fuere
1123 2689 1307 2776 plusquam
1324 2690 1391 2757 tria
1406 2690 1518 2756 millia

451 2796 660 2883 exemplaria
674 2792 852 2881 cujusdam
868 2790 1072 2879 Compendii
1095 2792 1261 2859 historiae
1277 2794 1516 2881 Apparitionis

449 2897 489 2966 B.
505 2896 552 2964 M
569 2898 608 2966 V.
625 2898 668 2963 da
694 2896 910 2983 Guadalupe,
934 2894 1040 2961 latine
1073 2894 1205 2982 scripti,
1223 2918 1264 2962 eo
1280 2898 1356 2975 fine,
1381 2903 1422 2963 nt
1452 2920 1516 2985 per

450 3001 631 3089 religiosos
646 2999 788 3068 Ordinis
803 2998 923 3065 Sancti
952 2998 1135 3076 Francisci‚
1166 2998 1227 3084 qui
1243 2998 1287 3065 ad
1316 3000 1514 3087 Capitulum

450 3104 629 3183 Generala,
645 3126 687 3170 eo
702 3126 791 3169 anno
807 3100 1060 3179 celebrandum,
1076 3101 1242 3179 venirent,
1259 3103 1383 3169 notitia
1397 3104 1515 3191 Appa-

448 3207 586 3275 ritionis
600 3208 728 3274 exteris
743 3206 780 3273 in
794 3206 926 3292 Regnis
941 3203 1188 3271 diiundaretur.
1229 3204 1331 3288 Quod
1347 3228 1514 3295 compen-

449 3306 547 3377 dium
561 3309 685 3377 deinde
701 3310 795 3397 typis
810 3308 942 3376 editum
959 3306 1025 3373 fuit
1040 3312 1075 3373 et
1090 3306 1231 3387 Romae,
1248 3312 1283 3375 et
1297 3308 1512 3391 Germaniae,

449 3418 486 3481 at
501 3436 622 3481 rursus
664 3412 865 3501 Hispaniae.
883 3412 931 3496 (5)

490 3624 536 3700 (r)
579 3622 832 3696 GuridiAlcoser‚
847 3622 887 3683 ib.

490 3722 532 3799 (τ)
576 3722 622 3781 11).

486 3820 537 3897 (3)
580 3818 757 3893 Biblioteca,
772 3831 826 3881 art.
843 3818 962 3881 Gemeli
977 3815 1103 3881 Carreri.

486 3920 533 3996 (4)
577 3919 683 3981 Guridi
699 3920 830 3992 alenset,
846 3918 898 3979 ubi
914 3938 1011 3997 supra.

486 4024 532 4103 (5)
568 4026 725 4087 Teobaldo
742 4025 860 4101 Rivera,
877 4024 1024 4087 Relacion
1039 4048 1057 4105 y
1072 4029 1178 4090 estado
1206 4027 1256 4089 del
1284 4028 1377 4101 culto,
1407 4030 1507 4104 lustre,

442 4142 598 4201 progresos
612 4145 632 4203 y
645 4124 771 4187 utilidad
787 4126 826 4187 de
840 4126 869 4185 la
885 4126 961 4185 Real
977 4126 1204 4205 Congregacion
1226 4126 1284 4187 sita
1306 4144 1344 4187 en
1375 4128 1506 4200 Madrid,

443 4220 557 4301 erigida
571 4223 599 4282 al
615 4234 792 4301 portentoso
807 4222 968 4284 simulacro
982 4227 1021 4286 de
1038 4227 1138 4285 Maria
1154 4227 1323 4297 Santtsima
1352 4226 1510 4303 aparecida

436 4340 476 4393 en
492 4320 612 4383 Mtxico
626 4343 646 4401 y
659 4322 807 4385 conoeidr
822 4342 882 4385 con
896 4326 924 4385 el
940 4326 1029 4385 ritulo
1044 4325 1083 4385 de
1099 4323 1293 4403 Guadalupe,
1308 4326 1323 4401 ἓ
1341 4343 1364 4384 1.
