3625 5217
782 458 846 529 139

284 626 441 716 Raphael
455 631 644 713 Gutierrez,
660 631 839 701 Marianus
858 632 1027 721 ‘Vosqueu
1043 634 1246 703 Emmanuel
1260 630 1346 703 Gar·

285 738 344 814 cia,
354 736 527 805 Robertus
539 736 728 803 Gulierrea:
742 739 777 804 hi
792 744 907 805 autem
918 760 1035 805 omues
1046 738 1256 807 affirmarunt
1272 738 1345 804 nul·

285 844 353 912 lam
365 846 616 934 praedictarum
631 848 816 937 imaginum
827 850 1028 937 originalem
1055 846 1198 916 identice
1212 869 1346 934 reprae-

286 956 432 1029 sentare;
446 972 504 1035 quc
518 950 659 1035 aiupaao
673 952 837 1019 auloedos
851 953 1006 1038 imaque
1016 952 1173 1037 cotty'uclua
1185 972 1243 1017 era
1257 951 1346 1037 copia

286 1052 421 1119 {dentice
448 1054 488 1119 de
501 1054 533 1117 lo
546 1054 692 1139 oripiaul.
711 1054 917 1123 Bartolache
933 1055 1018 1121 dicit
1032 1054 1193 1144 pingendi
1209 1054 1346 1121 modum

289 1160 322 1223 in
336 1156 494 1243 originali
522 1156 677 1244 Imagine
707 1158 964 1247 Guadalupensi
997 1180 1072 1227 esse
1101 1158 1346 1235 inimitabilem,

287 1261 501 1347 quantalibet
515 1260 721 1327 adhibeatur
735 1261 926 1349 diligentia,
938 1264 1031 1351 quod
1044 1264 1167 1331 asserit
1182 1286 1218 1329 se
1235 1262 1347 1349 ipsum

287 1388 422 1452 semper
436 1364 487 1431 ita
501 1364 682 1451 judicasse.
707 1366 820 1451 Atque
836 1365 901 1432 hac
918 1372 999 1449 vice,
1016 1374 1056 1434 ut
1071 1370 1145 1455 ipse
1169 1370 1349 1445 asserium

287 1471 449 1558 palpavit,
466 1476 501 1537 et
514 1470 673 1558 pluribus
689 1470 767 1536 aliis
782 1470 942 1539 ostendit

315 1573 502 1642 'Praedicti
517 1574 667 1663 pictores
696 1596 810 1641 eoram
838 1574 977 1662 publico
1007 1574 1230 1643 tabelliousa
1259 1573 1347 1640 Bar-

290 1678 422 1745 tolache
439 1680 648 1765 interrogati,
674 1683 804 1765 guttum
833 1678 934 1765 juxta
950 1700 1031 1745 suae
1063 1678 1237 1745 facultatis
1253 1700 1350 1765 regu·

290 1788 350 1865 las,
366 1792 470 1871 atque
485 1786 577 1851 omni
607 1784 766 1872 deposita
791 1786 981 1863 affectione,
1005 1806 1135 1850 sacram
1162 1782 1350 1869 Imaginem

290 1894 491 1961 miraculose
507 1892 679 1980 depictam
694 1890 901 1977 judicarent?
933 1886 1198 1976 Responderunt
1214 1886 1263 1951 ita
1278 1890 1351 1971 qui-

291 1999 367 2065 clem
383 2022 459 2065 esse
475 2003 640 2083 quantum
652 1996 696 2063 ad
711 1994 799 2061 illud
814 1994 909 2083 quod
925 1998 959 2061 iu
983 1994 1059 2079 ipsu
1069 1992 1223 2078 Imagine
1254 1989 1352 2057 subs-

292 2102 430 2169 tantiale
445 2108 499 2168 est
514 2106 550 2168 et
565 2100 785 2189 primitivum3
801 2098 997 2166 nullatenus
1012 2120 1094 2163 vero
1109 2096 1144 2161 iu
1166 2095 1248 2173 illis,
1264 2116 1352 2181 quae

292 2228 394 2273 manu
409 2204 531 2272 audaci
556 2204 740 2293 posteriori
770 2210 926 2291 tempore
957 2200 1091 2289 adjecta
1119 2221 1194 2265 esse
1211 2219 1352 2285 appare·

291 2311 383 2376 bant
430 2308 629 2394 (Testantur
659 2308 751 2375 enim
763 2328 885 2395 graves
910 2309 1067 2371 auctores
1083 2300 1278 2389 aliquando,
1295 2300 1353 2388 pio

292 2412 430 2499 quidem
443 2408 798 2489 auimo,se‹lbarba1·e
812 2414 847 2474 et
856 2407 1064 2495 ignoranter,
1080 2408 1206 2471 circum
1223 2428 1354 2472 sacram

294 2515 483 2604 Imaginem
498 2512 688 2597 Querubim
718 2516 830 2601 pictos
850 2510 966 2591 fuisse,
997 2518 1099 2599 atque
1116 2510 1219 2578 etiam
1235 2533 1354 2593 aurum

294 2617 528 2706 supereditum
543 2616 648 2683 fuisse
665 2620 699 2681 in
709 2614 814 2682 radiis
830 2614 932 2694 Solis,
949 2614 1076 2701 quibus
1090 2612 1210 2703 Imago
1226 2614 1356 2681 circuu-

295 2723 405 2801 datm,
421 2726 457 2787 et
471 2725 648 2807 argentum
664 2720 700 2787 in
725 2719 848 2801 Luna).
892 2719 990 2785 Haec
1005 2740 1092 2807 quas
1107 2722 1278 2805 posterius
1304 2742 1356 2787 sa·

295 2844 371 2889 erae
382 2818 530 2907 Imagini
543 2818 661 2886 addita
673 2824 763 2899 sunt,
774 2819 942 2907 temporis
957 2842 1141 2907 progressu
1156 2818 1192 2886 iu
1207 2820 1358 2887 <leterius

295 2924 445 3003 ueniunt,
461 2922 607 2989 etetiam
618 2922 755 3009 cadunt:
766 2922 895 3010 aliquid
912 2928 1027 2990 autem
1046 2946 1089 2990 ex
1105 2922 1231 2993 additis
1246 2924 1358 2992 adhuc

295 3034 386 3095 utare
402 3024 541 3113 quando
555 3026 641 3093 haec
654 3026 820 3115 Imaginis
842 3026 1015 3115 inspectio
1029 3027 1120 3094 lacta
1135 3028 1210 3107 luit,
1225 3033 1359 3095 constat

296 3132 515 3219 expiaturum
526 3128 675 3197 adducto
684 3130 891 3198 testimonio.
907 3131 1005 3199 Haec
1017 3130 1131 3201 omnia
1142 3136 1268 3199 testata
1279 3138 1360 3199 suut

297 3231 493 3301 ann01787.
510 3228 558 3313 (1)

337 3336 395 3401 Ex
410 3335 466 3401 his
481 3334 659 3419 colligitur,
673 3355 743 3399 non
757 3331 859 3399 modo
881 3340 1033 3401 caeteras
1059 3333 1303 3423 Apparitiones
1318 3334 1357 3401 B.

297 3438 344 3504 M.
361 3438 400 3505 V.
417 3437 544 3505 Ioanni
555 3435 699 3515 Didaco,
724 3458 842 3502 verum
868 3436 973 3503 etiam
1000 3436 1111 3525 ipsius
1135 3436 1302 3525 Imaginis
1317 3438 1359 3505 de

298 3540 502 3645 Guadalupe
518 3539 768 3629 apparitionem
783 3560 898 3604 veram
914 3560 990 3607 esse
1002 3538 1189 3607 dicendam.

342 3714 426 3799 (Pro
440 3712 533 3799 liujus
557 3712 736 3797 arqumem·
759 3709 977 3797 manmena
1004 3710 1153 3777 uideatur
1179 3713 1359 3798 opusculum

299 3816 342 3883 D.
360 3817 524 3915 molada
542 3815 694 3896 cabrera,
710 3812 893 3881 Maravilla
921 3814 1133 3895 Amerioaua,
1149 3822 1223 3899 eta,
1250 3824 1280 3884 cl
1294 3820 1361 3905 cias

297 3920 539 4009 approbationes
554 3920 589 3985 ia
603 3919 641 3985 1²
655 3918 758 3986 Parte
772 3917 865 4005 lium
880 3918 1146 4006 Dt'aaer'tutiouia).

341 4131 385 4207 (ι)
427 4131 464 4189 V.
479 4130 601 4202 Tornel,
618 4130 662 4187 La
677 4124 839 4203 Apariciou
855 4130 894 4188 de
905 4130 1036 4194 Nuestsa
1062 4130 1175 4192 smora
1188 4130 1228 4191 de
1244 4132 1364 4194 Guada-

300 4226 379 4307 lupc,
394 4240 463 4300 erc,
478 4238 551 4287 torn.
571 4246 597 4301 1,
611 4244 676 4303 cap.
696 4242 741 4298 12,
757 4224 816 4286 ubi
839 4226 916 4288 haec
936 4226 1040 4288 omnia
1061 4228 1157 4291 fusius
1173 4242 1278 4327 uertat„
