3625 5217
984 588 1047 667 222

406 820 408 823 >
473 766 571 849 altar,
587 770 707 851 Missa,
719 771 905 839 Procesion
920 795 943 860 y
959 794 1095 839 sermon
1112 795 1154 838 en
1172 772 1382 839 Mexioano.''
1435 770 1537 837 Patet

471 894 553 960 ergo
581 874 736 954 Missam,
752 881 787 943 et
812 875 1082 953 Processionem,
1100 882 1135 942 el
1150 874 1363 942 mexicanam
1393 866 1535 941 concio-

471 996 559 1055 nem,
575 976 713 1063 quando
728 978 814 1045 haec
828 978 968 1066 scripsit
982 976 1019 1043 P.
1036 976 1227 1058 Florenoia,
1244 1002 1312 1046 non
1328 1001 1403 1045 esse
1419 1001 1535 1045 recen·

470 1087 525 1147 tar
535 1083 703 1165 inductas,
719 1087 782 1154 sed
805 1094 988 1155 consuetas
1003 1086 1110 1153 fuisso
1126 1086 1171 1153 ab
1187 1086 1341 1172 antiquis
1372 1080 1535 1171 tempori-

469 1191 537 1258 bus
551 1193 588 1259 in
600 1194 860 1284 Tepeyaquensi
876 1198 1022 1285 Templo
1038 1201 1072 1263 in
1094 1196 1183 1264 festo
1198 1197 1229 1262 B
1254 1196 1300 1263 M.
1327 1195 1367 1262 V.
1382 1193 1426 1261 de
1442 1194 1534 1261 Gua-

469 1299 604 1392 dalupe,
621 1307 784 1393 quoniam
807 1308 933 1376 asserit
946 1308 983 1373 in
1012 1308 1057 1374 iis
1072 1307 1243 1393 integrum
1267 1302 1387 1369 altaris
1404 1299 1534 1366 cultum

468 1438 653 1497 remanere,
665 1423 806 1485 externo
817 1418 1001 1506 splendore
1014 1418 1195 1493 diminuto,
1209 1414 1355 1481 fortasse
1365 1412 1449 1498 quia
1460 1432 1534 1497 pre-

466 1519 576 1587 tiosae
591 1526 714 1601 vestes,
730 1521 866 1589 choreis
894 1522 1117 1601 necessariae,
1143 1516 1310 1606 temporis
1326 1515 1454 1601 injuria
1484 1514 1534 1579 in·

467 1623 642 1691 teriorant

508 1726 761 1814 Antiquissima
773 1729 887 1797 extitit
900 1728 1164 1797 confraternitas
1175 1729 1210 1793 in
1223 1727 1367 1813 Templo
1378 1724 1417 1791 B.
1431 1725 1478 1790 Μ.
1493 1723 1532 1791 V.

466 1829 510 1896 de
525 1829 731 1919 Guadalupe
747 1831 791 1900 ad
806 1832 1024 1921 Tepeyacatl,
1038 1832 1091 1899 uti
1107 1831 1212 1899 refert
1230 1830 1261 1895 P.
1284 1828 1476 1895 Florencia:
1499 1834 1535 1895 at

465 1954 547 1999 vero
571 1956 661 2000 anno
682 1935 766 2005 1673
789 1936 844 2003 vel
868 1937 954 2003 1674
977 1934 1248 2003 confraternitas
1270 1934 1383 2000 denuo
1395 1930 1534 1997 institu-

466 2041 502 2102 ta
516 2035 593 2116 tuit,
610 2038 656 2123 (1)
678 2038 715 2105 in
730 2040 828 2126 cujus
858 2038 1174 2117 constitutionibus,
1195 2038 1240 2103 ab
1262 2034 1533 2123 Archiepiscopo

466 2136 647 2205 Mexicano
661 2140 873 2226 approbatis,
886 2140 1145 2209 commendatur
1154 2138 1409 2217 Sacerdotibus,
1423 2141 1481 2223 qui
1497 2138 1534 2203 in

466 2240 544 2329 ipsa
574 2240 861 2311 Confraternitate
877 2244 1202 2323 annumerabuntur,
1218 2248 1258 2308 ut
1280 2242 1534 2329 superpelliceo

465 2351 588 2431 induti,
599 2350 654 2418 die
667 2352 708 2418 12
719 2353 932 2437 Decembris,
943 2354 1089 2443 singulis
1099 2353 1207 2431 annis,
1221 2352 1382 2418 adessent
1397 2352 1532 2433 Missae,

465 2460 501 2522 et
516 2456 681 2535 concioni,
697 2462 733 2523 et
747 2458 836 2538 aliis,
853 2481 942 2545 quae
958 2458 1135 2547 praedicto
1151 2456 1207 2522 die
1229 2456 1264 2521 in
1287 2455 1533 2543 Tepeyaquen-

465 2558 497 2625 si
511 2558 656 2648 Templo
671 2561 926 2648 peragebantur
946 2562 982 2627 in
999 2561 1164 2628 honorem
1195 2560 1236 2625 B.
1255 2560 1296 2624 M.
1326 2557 1365 2624 V.
1382 2558 1425 2625 de
1441 2560 1534 2627 Gua-

465 2662 601 2752 dalupe.
620 2666 667 2749 (2)

520 2768 621 2835 Anno
651 2768 735 2838 1675
757 2768 919 2835 Summus
945 2767 1105 2835 Pontifex
1132 2768 1290 2835 Clemens
1306 2768 1339 2835 X
1355 2767 1534 2853 indulgen-

464 2870 531 2938 tias
542 2876 728 2959 perpetuas
743 2872 853 2940 eidem
869 2872 1152 2941 confraternitati
1165 2872 1340 2949 concessit,
1364 2870 1532 2949 conscius,

464 2973 595 3060 absque
625 2975 741 3054 dubio,
768 2976 879 3063 ipsius
905 2974 1205 3043 Confraternitatis
1236 2974 1532 3051 constitutionum,

464 3082 568 3164 atque
583 3078 673 3146 inter
687 3080 783 3159 alias,
799 3078 1047 3167 indulgentiam
1064 3078 1252 3165 plenariam
1267 3076 1438 3145 concessit
1453 3100 1533 3143 con-

464 3178 638 3262 fratribus,
662 3184 1001 3272 quiGuadalupeasa
1020 3184 1200 3272 Templum
1222 3184 1403 3251 visitarent
1417 3181 1474 3249 die
1491 3182 1532 3248 12

465 3282 676 3351 Decembris.
695 3289 741 3373 (3)
771 3288 825 3355 Eo
840 3294 955 3355 autem
971 3288 1037 3367 die,
1055 3292 1092 3354 ut
1107 3309 1214 3375 supra
1227 3285 1360 3353 dictum
1376 3290 1439 3361 est,
1454 3308 1533 3353 con-

466 3385 519 3451 cio
534 3385 729 3457 habebatur
743 3390 787 3459 ad
802 3392 980 3479 populum,
998 3390 1229 3458 confratribus
1245 3393 1278 3455 in
1294 3389 1439 3477 Templo
1454 3412 1533 3457 con·

466 3486 627 3573 gregatis,
644 3510 757 3556 coram
788 3490 932 3558 coelesti
959 3491 1111 3579 imagine
1141 3490 1177 3555 Β.
1201 3489 1303 3556 MV.
1335 3488 1378 3555 de
1395 3488 1533 3556 Ganda-

469 3588 558 3675 lupe.

510 3694 922 3776 Ann01629,cumeausa
937 3696 1182 3776 inundationis,
1195 3719 1298 3784 quam
1314 3696 1409 3765 Urbs
1424 3698 1534 3765 Mexi-
1615 3694 1629 3723 '

468 3818 529 3863 cea
543 3802 623 3865 tunc
638 3820 742 3885 passa
752 3799 827 3879 fuit,
844 3800 950 3868 Sacra
964 3800 1084 3887 Imago
1095 3800 1134 3867 B.
1151 3801 1198 3866 M.
1215 3800 1254 3867 V.
1271 3799 1314 3867 de
1327 3800 1533 3891 Guadalupe

468 3922 488 3967 e
503 3922 567 3967 auo
582 3902 712 3990 templo
727 3902 771 3969 ad
786 3902 1089 3991 Metropolitanam
1105 3904 1296 3971 Ecclesiam
1311 3902 1531 3972 Maxicanam

511 4076 557 4155 (1)
602 4079 729 4139 Estrella
742 4079 791 4139 del
808 4080 902 4140 Norte
917 4080 956 4140 de
973 4078 1103 4153 Mexico,
1119 4100 1183 4159 cap.
1201 4097 1249 4157 35,
1266 4084 1350 4140 num.
1366 4084 1435 4157 364.

511 4178 557 4255 (2)
600 4175 921 4252 Florencia,ib.n1tm.
940 4181 1010 4256 365,
1026 4180 1078 4239 ubi
1101 4177 1334 4241 constitutiones
1363 4180 1534 4241 Contrater·

471 4275 574 4337 nitatis
588 4274 700 4337 inserit

513 4356 558 4437 (3)
600 4360 636 4419 V.
654 4357 818 4435 florencia,
833 4358 883 4420 ubi
900 4378 999 4437 supra,
1015 4363 1098 4419 num.
1118 4361 1185 4436 366.
1199 4370 1302 4437 etseq.
