3625 5217
784 514 828 587 95

318 700 452 779 Nande
468 704 628 769 omnibus
643 704 787 791 picturis
802 704 962 771 notitiam
977 704 1060 771 dare
1076 705 1143 771 erit
1157 704 1334 793 possibile.

249 894 254 909 ¹
279 804 492 872 Generaliter
501 806 682 872 dicendum
693 806 848 896 depictas
861 806 1126 895 Appetitionum
1139 830 1337 895 repraesen-

281 916 426 983 tationes
442 940 544 1004 quem
575 917 761 1004 plurimum
787 918 877 985 inter
892 940 965 997 nos,
981 924 1018 984 et
1047 917 1287 997 abundavisse,
1303 925 1339 987 et

280 1018 461 1097 abundare,
479 1020 601 1085 sivein
630 1020 792 1108 Templis,
823 1020 955 1087 sivein
985 1020 1138 1088 fidelium
1168 1021 1339 1089 domibus:

280 1123 357 1209 quis
372 1123 450 1190 illes
465 1145 642 1189 numerare
658 1122 791 1210 posset?
807 1123 883 1189 Hae
900 1146 1056 1210 magnam
1068 1124 1136 1189 vim
1151 1124 1282 1191 habent
1295 1124 1340 1190 ad

279 1224 489 1312 probandam
515 1225 779 1313 Apparitionum
806 1225 1124 1313 Guadelupensium
1149 1226 1339 1309 veritatem,

281 1334 352 1395 tum
365 1328 446 1414 quia
460 1320 505 1395 ab
520 1328 689 1407 omnibus,
705 1329 807 1394 etiem
824 1352 845 1393 a
860 1330 1125 1416 sapientissimis
1134 1330 1227 1407 viris,
1244 1352 1341 1397 cons·

282 1436 394 1499 tenter
405 1430 587 1497 admissam
599 1430 792 1509 ostendunt,
805 1436 877 1497 tum
890 1431 994 1498 etiam
1006 1454 1047 1498 eo
1058 1432 1152 1517 quod
1163 1454 1341 1499 assensum

281 1542 316 1601 et
345 1534 582 1601 anctoritatem
598 1534 855 1600 Mexicanorum
869 1534 1119 1623 Episcoporum
1136 1534 1172 1600 in
1187 1534 1342 1621 ejusdem

282 1637 436 1705 veritatis
451 1636 740 1702 confirmationem
771 1636 1018 1715 demonstrant;
1046 1638 1236 1704 scientibus
1250 1638 1342 1704 enim

279 1740 471 1827 Episcopis‚
485 1744 520 1805 et
532 1738 833 1815 consentientibus,
847 1738 1090 1825 Apparitiones
1102 1739 1259 1827 depictae
1271 1763 1292 1807 a
1303 1742 1342 1807 fi-

281 1841 417 1908 delibus
443 1846 669 1917 asservontur,
686 1844 789 1926 etque
819 1840 922 1905 etiam
938 1840 972 1905 in
988 1841 1128 1929 templis
1153 1841 1343 1929 publicent

281 1951 447 2033 perpetuo
477 1950 676 2011 cunctorum
706 1942 870 2021 oculis;et
899 1945 1111 2011 venerationi
1140 1947 1340 2035 propositae

283 2044 548 2132 conspiciuntur.

324 2348 389 2415 Pia
403 2336 559 2415 dramata
581 2348 708 2437 quibus
723 2372 779 2417 res
795 2372 911 2417 sacrae
928 2373 1041 2417 coram
1057 2352 1243 2419 astantium
1259 2351 1346 2419 mul·

284 2470 431 2537 titudine
446 2473 757 2557 repraesententur,
781 2470 861 2535 olim
888 2468 925 2533 in
948 2492 1014 2537 usu
1039 2469 1134 2535 fuere
1160 2469 1254 2557 apud
1268 2491 1346 2553 nos·

285 2598 407 2661 magne
421 2574 628 2640 intuentium
644 2573 891 2651 aedificatione
903 2574 963 2661 qui
976 2597 1060 2641 usus
1082 2576 1185 2643 etiam
1198 2574 1346 2653 histem,

283 2679 426 2765 poribus
442 2678 592 2743 nondum
608 2678 746 2763 penitus
762 2677 940 2744 obsolevit.
986 2677 1028 2744 In
1043 2679 1114 2745 illis
1125 2678 1229 2746 etiam
1244 2680 1283 2745 B.
1296 2678 1344 2745 M

285 2782 322 2847 V.
340 2781 382 2847 de
413 2780 617 2867 Gnadolupe
632 2780 876 2866 Apparitiones
905 2780 1013 2847 fuisse
1028 2783 1213 2859 enarratas,
1243 2786 1347 2867 atque

284 2890 362 2951 ante
378 2884 496 2950 oculos
512 2884 707 2969 propositas
722 2904 863 2969 prorsus
879 2882 1059 2947 indubium
1074 2890 1138 2962 est;
1152 2882 1244 2951 unde
1256 2907 1348 2971 mag·

284 2990 319 3054 ni
328 2988 464 3054 roboris
473 2992 709 3073 argumentum
720 2986 763 3051 nd
772 2986 1036 3073 Apponitiouum
1047 2987 1224 3053 veritatem
1235 2992 1349 3053 oeten·

284 3090 431 3157 <leudam
454 3090 597 3175 exurgit,
614 3090 775 3174 quoniam
802 3090 897 3155 nullo
910 3089 1173 3168 contradicente,
1194 3094 1229 3156 et
1244 3112 1347 3176 quam

284 3192 451 3281 plurimis,
468 3193 571 3258 etiam
594 3192 677 3259 viris
689 3192 913 3277 sapientibus,
937 3192 1144 3270 videntibus,
1156 3198 1192 3259 et
1213 3193 1348 3261 scienti·

284 3298 350 3363 bus
364 3295 577 3371 pastoribus,
593 3294 837 3383 Apparitiones
860 3296 896 3361 in
911 3294 983 3361 illis
997 3295 1138 3361 fuerunt
1159 3302 1350 3372 enarratae,

285 3404 321 3469 et
340 3402 624 3487 repraesentatae.

326 3502 380 3571 De
396 3500 570 3587 aliquibus
583 3500 649 3587 piis
665 3498 877 3567 dramatibus
892 3498 1138 3588 Appetitiones
1151 3522 1349 3588 repraesene

286 3604 439 3673 tentibus
449 3604 578 3671 mentio
589 3604 659 3682 liet3
670 3602 832 3690 quoniam
845 3601 888 3669 de
910 3602 967 3669 his
979 3624 1047 3670 non
1059 3602 1109 3669 ite
1121 3608 1161 3668 ut
1175 3610 1352 3692 oporteret

285 3712 448 3775 curarunt
462 3712 627 3773 auctores.
1134 3699 1138 3704 ’
1304 3694 1307 3699 ’
1332 3716 1344 3742 ²

326 3812 427 3878 Anno
441 3810 536 3888 1634,
549 3830 625 3875 cum
636 3816 790 3875 cessante
802 3807 900 3876 urbis
914 3808 1041 3875 Mexici
1053 3808 1287 3886 inundatione,
1299 3809 1351 3877 iu·

287 3916 328 3983 de
338 3916 385 3982 ad·
395 3913 602 4003 Tepeyncetl
618 3912 723 3979 Sacro
733 3914 854 3999 Imago
864 3912 904 3978 Β.
917 3910 964 3978 Μ
975 3910 1014 3978 V.
1029 3911 1072 3979 de
1084 3912 1288 3996 Guedelupe
1297 3909 1352 3995 bo·

284 4016 495 4086 lemnissima
507 4016 725 4104 processione
741 4015 908 4081 translate
920 4014 996 4092 fuit,
1009 4014 1188 4093 interalia,
1204 4036 1293 4103 quae
1308 4016 1352 4083 sd

286 4120 475 4210 aagendam
492 4118 744 4215 solemnitatem
759 4112 986 4194 contulerunt,
1002 4120 1060 4205 pia
1077 4116 1234 4192 &amatu
1249 4116 1353 4200 (colo-

284 4214 399 4313 quios)
414 4225 645 4299 recensentur,
659 4220 796 4311 quibus.
803 4218 943 4309 publice
958 4220 995 4287 in
1009 4216 1087 4309 ipsa
1100 4218 1186 4289 urb'e
1206 4219 1353 4293 historia

281 4323 520 4421 Apparitionis
534 4322 601 4391 fuit
613 4328 780 4404 enarrata,
792 4328 828 4391 et
838 4328 1105 4413 repraesentata,
1116 4322 1169 4389 uti
1181 4310 1350 4404 asserunt.
