3625 5217
776 545 840 636 ili

329 716 498 805 hidam
511 736 599 805 sobre
611 737 657 805 los
670 736 1018 825 solidoafandomcnios
1032 758 1090 825 quc
1104 736 1167 823 laoy
1176 760 1266 825 poro
1295 757 1344 807 so·

289 842 395 909 licitur
407 842 446 909 dc
459 842 493 909 lo
507 840 589 909 sulla
603 842 785 929 Apostolus
798 843 831 909 la
841 842 1038 909 declarocion
1051 842 1101 909 dcl
1115 842 1293 911 Potroaoto
1308 850 1344 909 a

288 945 426 1012 uicerant
437 944 477 1012 de
490 946 524 1011 lo
538 943 720 1013 Sossianus
742 945 856 1033 Via-pen
868 946 908 1011 dc
928 944 1122 1035 Gaudnlape.
1151 946 1272 1035 Mais
1287 947 1348 1015 Bi·

288 1048 463 1118 bliotheca
476 1048 652 1116 Merioeae
666 1046 922 1116 Universitatis
942 1050 987 1135 (l)

332 1221 381 1288 56.
405 1218 589 1288 Mexicana
601 1218 846 1287 Ecclesiastico
859 1220 1042 1288 Provincia

331 1322 540 1411 Magnopere
571 1322 717 1389 eontulit
730 1321 775 1389 ad
806 1321 1083 1411 Gnadalupensis
1112 1323 1351 1413 Apparitionis

290 1426 467 1495 veritatem
479 1425 730 1508 stabiliendam,
742 1428 901 1514 eoquod,
916 1428 969 1495 uti
983 1432 1142 1496 narratur
1156 1429 1193 1495 iu
1204 1429 1350 1497 lectione

290 1527 342 1597 VI
356 1528 467 1597 Officii
481 1530 520 1596 Β.
537 1530 584 1595 Μ.
601 1527 641 1595 V.
672 1530 714 1596 de
730 1530 936 1619 Guadalupe
953 1554 973 1598 a
1002 1531 1227 1599 Sanctissimo
1241 1532 1351 1599 Beue-

289 1630 382 1701 dioto
397 1631 587 1720 PaanIV
600 1633 803 1720 approbato,
821 1634 1132 1723 “Archiepisoopus
1141 1634 1350 1717 Maricanus,

290 1741 326 1802 et
353 1736 478 1823 reliqui
506 1734 629 1801 harum
658 1735 812 1822 partium
842 1736 1037 1816 Antistites,
1068 1734 1220 1803 omnium
1250 1736 1352 1804 Ordi-

290 1860 372 1907 nnm
387 1838 621 1919 consensione,
647 1837 684 1906 iu
708 1840 912 1908 Primariam
939 1838 1069 1927 adlegit
1093 1838 1133 1905 N.
1160 1840 1351 1927 Hispaniae

290 1940 495 2012 Patrouam''
509 1942 549 2007 B.
565 1941 612 2007 hi
629 1941 669 2008 V.
687 1943 730 2011 de
760 1944 976 2031 Guadalupe.
1007 1945 1122 2030 Atque
1137 1966 1201 2030 pro
1230 1942 1351 2011 Patro-

290 2050 391 2113 uatus
420 2046 618 2133 hujusmodi
641 2046 909 2127 confirmatione,
935 2052 971 2114 et
996 2046 1128 2134 proprii
1158 2047 1282 2127 Officii,
1303 2042 1351 2115 ¹et

290 2147 400 2219 Misce
410 2150 629 2217 concessione
650 2150 693 2219 ad
705 2150 829 2219 Sedem
841 2149 1081 2239 Apostolicam
1092 2150 1199 2217 misit.

333 2321 384 2388 67.
421 2320 538 2407 Lopez
552 2320 588 2387 P.
603 2322 756 2390 Joanues
766 2322 981 2403 Franciscus,
998 2320 1072 2389 Soc.
1092 2322 1187 2401 Jesu,
1204 2322 1240 2389 in
1252 2323 1350 2411 cujus

290 2422 436 2491 dirersis
464 2422 629 2512 Collegiis
658 2430 694 2493 et
722 2424 938 2507 Rhetoricae,
969 2430 1004 2492 et
1032 2424 1289 2512 Philosophiae,
1316 2433 1352 2496 et

290 2525 497 2613 Theologiae
507 2526 698 2595 cathedras
707 2532 805 2609 rexit3
814 2534 918 2616 atque
928 2528 1053 2617 diguus
1068 2530 1121 2595 est
1134 2526 1275 2597 habitus
1290 2530 1351 2617 qui

291 2629 398 2697 totius
408 2628 605 2697 Mexicanae
630 2632 893 2701 Ecclesiasticse
919 2632 1118 2699 Provinciae
1144 2632 1352 2700 Procurator

290 2731 546 2821 eligereturpro
556 2733 781 2822 impetrandis
797 2734 841 2801 ab
852 2735 1053 2823 Apostolica
1067 2734 1166 2815 Sede,
1183 2741 1352 2825 etappro-

290 2834 429 2901 batione
443 2835 651 2905 Patrouatus
665 2837 826 2905 Primarii
837 2838 876 2903 B.
894 2839 941 2905 M.
968 2838 1007 2905 V.
1025 2838 1067 2905 de
1083 2838 1300 2926 Guadalupe,
1316 2844 1352 2907 et

292 2936 402 3005 Officii
417 2939 559 3027 proprii,
574 2944 611 3007 et
633 2940 762 3008 Missae
783 2942 1012 3022 concessione,
1029 2948 1090 3009 etc.
1108 2942 1154 3029 (2)
1188 2940 1256 3007 Per
1271 2964 1350 3009 eum

334 3116 475 3207 Sappw
507 3120 644 3187 Lamus
673 3120 898 3189 sanctissimo
924 3119 1020 3209 Papa
1048 3120 1239 3187 Benedicto
1265 3114 1351 3185 XIV

292 3220 429 3290 oblatus
443 3228 507 3303 est,
523 3224 772 3310 inquoomnes
800 3228 984 3291 narrentur
994 3225 1034 3291 B.
1051 3224 1099 3291 M.
1137 3224 1176 3291 V.
1204 3220 1351 3311 Appeni-

292 3323 402 3392 tiones
415 3326 440 3392 J
440 3330 542 3395 oanni
556 3326 700 3407 Didaco,
715 3332 752 3395 et
765 3326 947 3415 Apparitio
976 3327 999 3394 J
1001 3327 1104 3395 oanni
1125 3325 1350 3407 Bernardino,

292 3434 395 3517 atque
405 3432 511 3499 etiam
525 3454 642 3500 sacrae
656 3432 824 3521 Imaginis
838 3434 876 3499 in
889 3431 963 3499 indi
978 3430 1146 3520 neophyti
1157 3430 1266 3497 ricino
1280 3430 1351 3517 Ap-

293 3532 429 3621 paritio:
439 3558 571 3603 necnon
582 3538 685 3602 etiam
695 3534 907 3603 confirmatio
916 3534 1125 3601 Patronatus
1134 3530 1352 3618 Principalis,

293 3641 328 3703 et
341 3638 547 3725 approbatio
562 3638 694 3728 proprii
709 3637 831 3719 Officii,
847 3644 883 3706 et
897 3639 1006 3706 Missa
1022 3636 1061 3703 B.
1079 3636 1126 3703 M.
1142 3635 1184 3702 V.
1199 3634 1242 3701 de
1259 3633 1351 3701 Gua-

292 3738 427 3827 dalupe,
451 3744 488 3807 et
502 3741 589 3808 aliae
616 3742 746 3829 gratiae
762 3743 807 3810 ab
821 3742 1021 3831 Apostolica
1047 3739 1136 3809 Sede
1165 3738 1352 3824 impetran-

291 3846 356 3909 tur.
378 3844 426 3931 (³)
449 3842 546 3927 Quae
561 3846 681 3931 utique
696 3844 792 3912 luere
808 3868 979 3913 concessa.

293 3983 419 3999 ῃ

334 4036 377 4112 (1)
399 4032 554 4105 Beristain,
574 4034 694 4097 Bibliot.
709 4048 761 4098 art.
780 4037 927 4115 Luyando
944 4038 980 4097 D.
999 3998 1132 4095 Manuel.

334 4133 376 4211 (π)
399 4132 554 4209 Beristain,
571 4133 691 4196 Bibliot
709 4134 797 4213 Hisp.
814 4137 917 4196 Amet.
934 4148 986 4197 art.
1004 4134 1104 4211 Lepez
1118 4134 1150 4193 P.
1167 4133 1247 4209 Juan
1263 4128 1354 4188 Fran·

295 4250 382 4394 capp).
418 4312 565 4375 Videatur
577 4312 627 4375 hic
640 4315 772 4393 Supplex
786 4314 920 4394 Libellus
936 4316 966 4375 in
982 4332 1072 4393 opere
1100 4311 1148 4374 cui
1163 4312 1274 4385 titulus,
1302 4314 1353 4375 Co·
