3625 5217
936 538 1037 607 ’168

497 720 535 781 ta
551 707 687 780 constat
700 714 737 779 in
752 712 854 779 initio
869 710 985 800 operis
1001 711 1058 779 ubi
1075 711 1345 799 approbationes
1357 717 1393 779 et
1406 711 1562 781 licentiae

498 816 678 901 appositae
691 816 783 879 sunt

540 918 591 984 33.
614 914 806 983 Betancurt
820 914 875 981 Fr.
900 914 1100 1001 Agnetinns.
1118 912 1258 982 Ordinis
1273 914 1391 981 Sancti
1404 914 1563 983 Francis·

498 1021 539 1100 ci,
556 1020 630 1089 suis
646 1018 827 1097 sodalibus
842 1016 1103 1105 Philosophiam
1121 1024 1156 1083 et
1182 1018 1404 1107 Theologiam
1435 1019 1563 1101 docuit,

499 1130 603 1211 atque
618 1123 773 1208 Linguae
789 1120 993 1187 Maxicanae
1018 1120 1084 1185 fuit
1106 1120 1266 1207 publicus
1290 1122 1464 1211 Magister.
1509 1123 1564 1191 Ab

499 1227 677 1295 Indiarum
690 1224 935 1295 commissario
947 1224 1109 1291 Generali
1122 1247 1203 1291 suae
1216 1225 1415 1294 Provinciae
1428 1226 1564 1295 Cronia-

500 1338 537 1399 ta
552 1320 761 1399 constitutus
775 1326 852 1407 fuit,
865 1326 959 1415 qaod
974 1326 1098 1407 deindo
1114 1328 1260 1395 officium
1277 1329 1403 1397 litteris
1417 1332 1564 1419 Aposto-

499 1433 578 1501 licis
592 1433 658 1499 fuit
673 1431 742 1519 ipsi
754 1430 999 1497 confirmatum.
1018 1430 1230 1525 Maxieanam
1243 1432 1347 1499 etiam
1362 1432 1563 1514 Historiam,

500 1542 536 1603 et
547 1534 826 1604 Ecclesiasticam
841 1540 877 1599 et
893 1533 1039 1613 civilem,
1055 1534 1251 1601 illustrarit
1273 1538 1321 1620 [l]
1518 1517 1523 1528 ¹

543 1639 587 1707 In
602 1660 716 1728 opere,
733 1637 788 1704 cui
807 1638 929 1705 titulus
949 1636 1084 1703 Orcaiea
1099 1637 1137 1703 de
1150 1632 1181 1703 la
1198 1638 1375 1707 Provincia
1390 1638 1439 1705 (lei
1462 1639 1562 1731 Scato

502 1750 675 1834 Evangelio
689 1749 727 1815 rie
749 1750 878 1828 Miaioo,
894 1750 931 1814 in
947 1747 1066 1813 eadem
1106 1748 1243 1816 civitate
1273 1755 1343 1839 typ.
1371 1750 1452 1819 edit.
1480 1774 1567 1819 anno

501 1854 585 1923 1697
603 1854 649 1940 (2)
664 1852 727 1919 sed
741 1852 934 1939 approbato
946 1873 1035 1917 anno
1059 1852 1142 1919 1692
1158 1854 1205 1935 [3]
1235 1859 1330 1921 tract.
1348 1856 1397 1921 5.⁰
1427 1879 1498 1945 cap.
1515 1856 1564 1923 4⁰

501 1979 591 2023 num.
610 1960 651 2023 55
666 1964 786 2041 etseq.
805 1961 922 2022 narrat
947 1956 1193 2042 Apparitiones
1219 1958 1258 2023 B.
1274 1958 1319 2025 M.
1337 1958 1491 2047 Virginis
1521 1958 1562 2027 de

501 2059 706 2148 Guadalupa
720 2058 848 2127 Joanni
862 2056 1007 2135 Dialem,
1023 2064 1059 2125 et
1077 2062 1334 2149 apparitionem
1349 2064 1461 2149 ipsius
1474 2064 1564 2131 Ima·

500 2162 591 2251 ginis
606 2184 719 2229 coram
735 2162 900 2228 Antistite
925 2162 1100 2227 mexicano
1123 2165 1159 2229 in
1183 2165 1295 2252 ipsius
1322 2164 1395 2233 indi
1411 2167 1564 2255 palliolm

503 2270 607 2353 atque
622 2264 665 2331 tle
680 2265 755 2352 ejus
771 2265 876 2344 cultu,
893 2269 928 2331 et
944 2264 1118 2332 miraculis
1133 2266 1294 2353 loquitor.
1323 2270 1371 2353 [4]

546 2426 597 2506 34x
620 2436 753 2503 Franco
765 2436 808 2503 de
820 2434 951 2503 Toledo
963 2436 1004 2501 D.
1018 2437 1242 2525 Augustinus,
1259 2441 1371 2527 quiin
1386 2443 1567 2511 Maxicana

503 2541 736 2611 Universitate
751 2540 914 2607 Doctoris
925 2539 1076 2607 lauream
1090 2542 1251 2623 obtinuit
1267 2551 1370 2631 atque
1383 2546 1565 2615 Clementi·

504 2668 566 2713 nae
580 2644 737 2711 etInstit
755 2642 884 2709 ibidem
899 2644 1026 2723 docuit,
1043 2650 1078 2711 et
1091 2646 1126 2711 iu
1138 2646 1247 2733 Regio
1262 2649 1446 2717 Auditorio
1459 2650 1565 2718 Meri·

504 2772 590 2817 cano
600 2746 764 2815 consedit:
775 2746 828 2811 vir
838 2746 1065 2824 litteratas,et
1075 2748 1273 2817 lli-rthsseos
1288 2752 1426 2838 peritus.
1442 2758 1488 2837 (5)
1500 2755 1566 2822 Hic

505 2853 580 2941 ipse
596 2856 659 2928 est,
671 2856 710 2915 ut
721 2854 867 2937 patetex
887 2850 1030 2937 lignium
1046 2857 1081 2918 et
1094 2852 1276 2931 Beristain,
1290 2877 1392 2941 qaam
1409 2856 1566 2925 Boturini

507 2957 553 3039 (6)
564 2953 650 3021 dicit
658 2952 838 3039 Franquis,
848 2958 884 3019 et
892 2953 1050 3021 similiter
1061 2954 1185 3021 Guridi
1195 2957 1344 3025 Alaossr.
1359 2960 1403 3043 (is
1415 2960 1570 3047 Reliquit

506 3079 593 3210 ..ᾗ
616 3124 752 3205 Eguiara
768 3125 957 3187 Bibliotheca
986 3126 1157 3195 Marianus.
1186 3142 1238 3190 art.
1255 3132 1301 3192 Fr.
1332 3132 1569 3212 Augustinusde

507 3224 877 3296 Bemmari—Berisum,
895 3224 1012 3285 Bibliot.
1030 3242 1074 3287 art
1091 3228 1252 3290 Betaucurt
1271 3233 1316 3291 Fr.
1332 3232 1468 3311 Agasrin.

546 3323 593 3410 [a]
628 3324 763 3402 Eguiara‚
778 3324 918 3385 Bibliorh.
932 3339 984 3385 art.
1001 3326 1045 3385 Fr.
1061 3328 1246 3405 Augustinus
1263 3334 1569 3423 Betriacum-'Beris

506 3434 577 3500 taio.
594 3431 711 3493 Bibliot.
728 3444 781 3493 art.
798 3434 962 3493 Betancurt
978 3434 1020 3493 Fr.
1035 3434 1170 3509 Agustia.

548 3530 593 3609 (3)
634 3532 672 3591 V.
689 3528 839 3591 licentiam
855 3530 1071 3603 Commissarii,
1088 3532 1169 3609 operi
1186 3534 1353 3609 praefixam.

548 3634 593 3711 (4)
616 3634 671 3694 Est
685 3632 716 3693 iu
731 3647 894 3707 conspectu
911 3634 968 3691 hoc
983 3652 1059 3707 opus
1074 3652 1143 3691 curu
1167 3632 1311 3693 scriaitur'
1329 3634 1403 3695 haec
1421 3634 1567 3694 Disserta-

472 3750 483 3765 ⁸
506 3732 639 3795 tio—V.
655 3730 745 3795 etiam
762 3732 924 3807 Oqueudo
942 3730 1049 3791 Dias-rt.
1080 3731 1145 3791 hist.
1163 3722 1263 3811 sobre'¹
1279 3736 1306 3791 ta
1322 3730 1485 3815 Aparicion
1513 3742 1568 3793 etc.

507 3845 579 3895 tom.
598 3852 625 3901 2,
640 3850 704 3909 cap.
725 3848 750 3906 7.
764 3832 779 3905 5
792 3850 819 3903 4,
832 3848 915 3887 num.
933 3846 987 3905 5¹¹
1014 3841 1043 3889 et
1059 3822 1271 3906 seo—Garuli
1293 3828 1426 3901 Alcoser,
1442 3828 1568 3907 Apolcg.

507 3929 1044 4014 delaApericiouetc.cap.1531.
1076 3926 1080 3937 '
1329 3928 1332 3937 “

549 4027 596 4113 [5]
624 4028 758 4107 Eguiara,
770 4026 909 4087 Biblioth.
927 4040 981 4087 art.
1006 4024 1190 4103 Augustinus
1220 4026 1336 4115 Franco
1350 4026 1389 4084 de
1403 4025 1571 4086 Teleda.-

507 4133 663 4197 Beristain.
677 4134 785 4196 Biblot.
802 4146 854 4193 art.
871 4136 988 4193 Franco
1003 4134 1042 4193 de
1054 4134 1173 4194 'l'oleda
1192 4134 1225 4191 l).
1244 4130 1382 4209 Agastin.

470 4287 476 4299 s
545 4236 592 4314 (ό)
634 4234 781 4313 Catilogo
795 4235 845 4297 del
863 4236 973 4293 Museo
998 4232 1134 4301 ludisne,
1151 4234 1165 4307 ᾖ
1180 4250 1228 4309 35.
1245 4238 1328 4292 arim.
1350 4252 1394 4293 rc.

541 4334 588 4418 (7)
608 4336 696 4415 Apol
715 4334 755 4397 de
768 4336 797 4395 lu
810 4332 975 4413 Aparicion
989 4344 1045 4395 etc.
1056 4326 1128 4411 'capi
1147 4348 1192 4409 15,
1206 4332 1222 4407 ἕ
1238 4350 1262 4391 ι.
