3625 5217
265 740 322 803 tur
332 735 426 825 apud
440 736 630 809 Florancia
645 740 692 827 (li
704 740 848 812 Utinam
858 744 1029 833 quidquid
1040 752 1154 815 actum
1167 746 1233 817 luit
1242 746 1328 817 inte·

264 860 361 925 grum
374 840 431 906 hic
439 847 560 910 auctor
568 839 755 913 retulissetl
780 846 1021 935 sedquoniam
1032 852 1229 919 summatim
1242 851 1329 919 illud

264 939 377 1021 refert,
393 966 462 1011 non
476 945 520 1012 de
532 950 693 1018 omnibus
719 950 869 1018 testibus
880 974 1041 1040 expresse
1052 954 1136 1022 dicit
1152 954 1232 1023 illos
1244 958 1329 1023 haec

266 1048 325 1109 aut
339 1044 401 1112 illa
415 1069 579 1127 asserere,
601 1052 664 1120 sed
689 1054 905 1140 generaliter,
922 1078 963 1121 ea
979 1056 1056 1144 ipen
1067 1063 1213 1125 testaase
1240 1082 1329 1147 quas

266 1146 334 1213 alii.
371 1148 543 1238 Expresso
558 1154 643 1221 diozt
656 1155 839 1223 Florencia
861 1160 909 1241 12)
927 1158 1081 1227 Marcum
1108 1160 1264 1229 Pachaco
1287 1164 1330 1231 80

267 1271 374 1319 annos
400 1259 529 1334 natum,
552 1257 749 1327 Gabrielem
773 1261 903 1329 Suarez
931 1261 1115 1349 plusquam
1138 1264 1201 1331 110
1223 1262 1330 1333 annos

267 1357 595 1435 natum,ll1artinum
611 1384 633 1427 a
647 1363 680 1429 S.
697 1363 875 1430 Ludorico
887 1372 1004 1431 natum
1017 1368 1059 1433 86
1086 1390 1203 1447 annos,
1219 1368 1331 1435 Joan-

232 1462 237 1470 '
267 1481 344 1528 nem
356 1461 485 1529 Suarez
502 1465 564 1531 100
575 1488 683 1533 annos
698 1477 827 1546 natum,
844 1468 1066 1535 catharinam
1079 1470 1252 1537 Monicam
1269 1473 1331 1539 100

269 1586 376 1630 annos
387 1571 511 1646 natam,
528 1568 773 1657 Presbyterum
794 1572 956 1657 jesuitam
979 1573 1150 1640 Didacnm
1166 1574 1209 1641 de
1233 1575 1332 1643 Mon·

269 1689 330 1755 roy
345 1669 387 1735 65
403 1692 512 1737 annos
541 1678 670 1751 natum,
696 1674 913 1762 Alpbonsum
944 1676 1078 1743 (lucras
1107 1677 1260 1747 Daralos
1289 1680 1330 1748 81

270 1792 376 1839 annos
402 1780 520 1841 natum
550 1779 670 1844 testari
700 1778 744 1845 de
773 1778 920 1845 solemni
947 1780 1173 1847 collocatione
1206 1782 1332 1851 Sacrae

271 1872 435 1962 Imaginis
447 1877 489 1945 de
506 1878 711 1967 Guadalupe
727 1881 763 1948 in
772 1886 884 1969 primo
893 1882 1046 1971 Templo,
1061 1890 1192 1951 structo
1209 1908 1229 1951 a
1243 1884 1333 1953 Rmo

272 1976 489 2067 Zamarraga3
501 1989 604 2070 atque
627 1984 732 2051 etiam
747 2006 908 2073 expresse
931 1986 1080 2053 habetur
1091 1989 1184 2075 apud
1199 1989 1236 2055 P.
1254 1990 1333 2056 Flo-

271 2082 386 2147 rencis
417 2086 677 2167 1311661116ουί6
706 2112 727 2155 a
756 2089 905 2157 testibus
935 2088 1042 2155 fuisse
1071 2089 1153 2157 data
1179 2092 1222 2157 de
1247 2092 1334 2159 anti-

272 2187 636 2276 quaTepeyaqnensis
664 2192 800 2280 Templi
814 2190 1019 2278 frequentia,
1043 2196 1078 2258 et
1104 2194 1331 2273 veneratione,

273 2297 308 2356 61
321 2291 364 2357 (16
395 2293 580 2373 miraculis,
597 2318 686 2381 quae
712 2294 885 2363 Dominus
914 2302 1078 2382 operatus
1103 2301 1166 2375 est,
1182 2295 1335 2383 Deipara

272 2393 533 2485 deGuadalupe
554 2399 686 2466 ibidem
713 2397 881 2465 invocata:
904 2399 992 2464 tales
1008 2404 1116 2464 testes
1127 2398 1221 2465 fuere
1241 2398 1335 2467 llar-

273 2520 334 2565 cus
348 2500 515 2581 Pacheco,
544 2503 606 2588 qui
632 2502 674 2568 (16
699 2503 842 2569 66111161
864 2500 1050 2580 miraculis,
1081 2500 1212 2569 Paulus
1241 2503 1334 2571 Xua·

273 2604 631 2691 aequiescamus
651 2628 847 2693 puerorum,
865 2604 1038 2674 Martinus
1054 2626 1075 2670 6
1098 2604 1129 2671 S.
1148 2606 1334 2685 lauderico,

273 2707 425 2777 Joannes
454 2709 593 2789 Suarez,
617 2710 805 2777 (lutharius
828 2708 976 2787 Monica,
993 2708 1054 2794 qui
1078 2708 1120 2777 de
1151 2710 1334 2788 miraculis,

274 2814 412 2883 Gabriel
424 2816 563 2896 Suarea,
575 2816 730 2883 Didacus
739 2816 834 2883 (lano
847 2813 1097 2897 lloteuluuma,
1111 2814 1172 2901 qui
1183 2814 1225 2881 (16
1237 2814 1335 2881 Tem·

272 2919 322 3007 pli
337 2920 566 2997 veneratione,
581 2920 783 3007 Alphonsus
800 2920 935 2987 (lateras
964 2918 1122 2997 Devales,
1139 2916 1199 3003 qui
1216 2917 1258 2985 de
1275 2918 1336 2983 mi·

274 3021 409 3099 reculis,
425 3027 461 3087 et
475 3020 518 3087 (16
534 3019 668 3108 Templi
683 3020 877 3107 frequentia
892 3026 927 3087 et
942 3020 1161 3086 veneratione
1177 3040 1198 3083 a
1212 3018 1335 3107 princi·

275 3128 341 3213 pio,
357 3130 394 3190 et
407 3122 450 3191 de
466 3146 517 3203 eo,
529 3123 623 3210 quod
637 3123 818 3213 Templum
833 3124 1032 3210 frequenter
1058 3122 1200 3189 adibant
1225 3127 1260 3189 61
1275 3124 1337 3188 Ar·

274 3234 495 3325 chiepiscopi,
509 3239 544 3302 et
558 3236 622 3304 Pro
633 3235 753 3323 Reges.
769 3241 805 3302 et
819 3234 884 3301 viri
895 3233 1040 3311 nobiles,
1056 3237 1092 3299 et
1107 3231 1243 3321 plebeii.
1260 3232 1337 3301 Non

274 3339 502 3407 dubitandum
512 3338 720 3426 quodetiam
730 3339 789 3405 alii
801 3336 960 3405 tastesde
971 3334 1271 3403 histestimonium
1287 3335 1339 3423 ju·

275 3442 458 3529 rejurando
473 3442 640 3517 dederint,
656 3464 732 3509 cum
748 3462 867 3509 omnes
878 3440 922 3507 de
946 3439 1076 3507 eisdem
1092 3438 1221 3507 luerint
1238 3442 1338 3509 inter·

275 3546 398 3634 rogati;
410 3568 523 3611 varum
535 3546 604 3632 jam
616 3545 746 3612 dictum
758 3550 812 3612 est
821 3544 858 3611 P.
873 3544 1056 3613 Florencia
1070 3544 1113 3610 de
1128 3542 1272 3629 juridice
1285 3564 1338 3609 uo·

275 3650 323 3716 tis
337 3670 426 3715 anno
440 3650 525 3716 1666
537 3654 671 3715 tantum
683 3668 851 3715 summam
863 3648 1033 3735 posuisse,
1047 3652 1231 3735 propterea
1246 3643 1339 3732 quod

276 3773 344 3816 nou
358 3750 473 3816 omnia
487 3749 530 3818 de
545 3748 704 3815 omnibus
719 3746 866 3815 testibus
881 3748 1052 3834 exprimit.
1089 3748 1112 3815 J
1114 3769 1168 3815 am
1187 3750 1340 3813 notatum

277 3858 330 3919 est
345 3852 518 3931 miracula,
533 3860 569 3920 61
580 3853 648 3920 6116
662 3850 850 3940 singularia
861 3850 1029 3919 beneficia
1039 3840 1111 3917 non'
1123 3850 1187 3917 nisi
1200 3846 1341 3915 fervidis

278 3956 438 4045 precibus
452 3955 612 4036 obtineri,
625 3956 715 4023 unde
725 3956 786 4023 illa
797 3976 951 4023 asserere
966 3955 1055 4022 nihil
1066 3953 1161 4022 aliud
1173 3956 1226 4020 est
1237 3970 1339 4039 quam

229 4224 233 4233 ι
318 4149 362 4226 (ι)
406 4151 538 4212 Estrella
551 4150 601 4213 del
617 4150 716 4211 Norte
730 4149 769 4211 de
784 4146 915 4223 Merioo,
931 4166 997 4228 cap.
1019 4167 1063 4225 13,
1078 4148 1093 4223 ἐ
1111 4156 1242 4223 1,etseq.

318 4251 368 4327 (a)
405 4251 450 4311 Ib.
468 4256 552 4311 uum.
571 4269 637 4325 104,
657 4269 723 4325 (ογ,
742 4268 809 4319 112,
828 4267 894 4326 136,
925 4266 991 4323 (33.

317 4349 363 4431 (J)
404 4349 450 4417 lb.
465 4352 550 4412 num.
569 4365 636 4431 105,
654 4366 805 4425 (11.1(1,
830 4364 896 4423 107,
915 4362 1068 4429 (33133.
