3625 5217
986 564 1051 634 210

532 732 582 801 Hi
598 738 679 805 sunt
693 736 801 803 exteri
815 736 1011 826 scriptores,
1028 740 1069 807 ds
1087 740 1215 829 quibus
1230 740 1389 809 notitiam
1411 740 1493 809 dare
1508 738 1548 808 li·

486 844 566 910 cuit

528 1102 856 1187 Proetermircuasoit
867 1102 949 1166 inter
964 1103 1140 1169 mexicanos
1154 1103 1322 1188 scriptores

529 1205 600 1271 145.
617 1205 705 1271 Ruiz
716 1205 900 1291 Conejares
910 1206 951 1270 D.
966 1206 1169 1273 Franciscus
1180 1206 1222 1272 de
1235 1204 1353 1283 Paula,
1367 1204 1428 1291 qui
1443 1226 1549 1292 opera

486 1313 556 1395 typ.
573 1307 683 1374 edidit
697 1308 742 1373 ab
752 1330 841 1373 anno
858 1309 940 1374 1803
951 1330 1061 1394 usqne
1077 1308 1120 1374 ad
1130 1331 1254 1375 annum
1272 1308 1364 1387 1811,
1385 1308 1431 1393 (1)
1445 1312 1548 1394 atqua

486 1410 625 1497 scripsit
637 1410 821 1497 quoddam.
836 1411 973 1490 Poema,
990 1412 1045 1477 cui
1062 1412 1184 1479 titulus

529 1514 582 1579 Lo
603 1514 717 1599 Vircen
732 1514 857 1579 Mexico
870 1538 923 1592 no,
940 1516 1037 1601 cujus
1049 1515 1165 1601 aliqua
1180 1513 1330 1580 carmina
1351 1513 1549 1581 inseruntur

487 1616 524 1682 in
539 1637 652 1702 opere,
669 1616 725 1681 cni
740 1616 863 1683 titulus
878 1616 983 1683 Scuto
999 1618 1114 1683 Morta
1127 1618 1165 1683 olc
1186 1617 1382 1703 Goorlolupe,
1400 1616 1547 1683 Patrono

486 1719 524 1784 de
538 1719 583 1783 tro
613 1718 800 1785 Mexicaooa.
820 1722 866 1801 (2)

531 1823 602 1889 146.
626 1822 741 1888 Etiam
752 1822 818 1889 fuit
833 1823 983 1890 omissus
993 1822 1082 1889 inter
1097 1824 1291 1897 mexicanos
1303 1821 1489 1910 scriptores
1506 1823 1547 1889 D.

487 1926 673 2013 Philippus
702 1925 891 2013 Apollonis,
918 1926 978 2012 ‘lui
1005 1926 1142 1993 saeculo
1169 1925 1296 1993 XVIII
1319 1947 1380 1991 ms.
1397 1924 1549 2011 reliquit,

487 2028 543 2095 cui
558 2029 682 2096 titulus
702 2028 793 2107 oric
807 2036 962 2094 revereote
977 2030 1233 2096 dlooorooocioo
1247 2030 1285 2094 de
1298 2030 1439 2109 Nuestrc
1454 2026 1550 2095 Serto-

488 2155 529 2197 ro
543 2132 582 2197 de
602 2132 798 2217 Goodolupe.
818 2134 863 2215 (3)
907 2132 980 2199 Nec
995 2136 1048 2199 est
1064 2136 1250 2219 conspectu
1280 2132 1347 2197 hoc
1361 2152 1422 2209 ms,
1437 2132 1549 2198 necin

486 2236 556 2303 alio
578 2240 717 2302 auctora
747 2242 924 2302 narratum
948 2236 1063 2303 inveni
1094 2258 1154 2303 our
1169 2235 1349 2323 Apellanis
1379 2235 1550 2323 respuerit

487 2343 741 2405 coronationem
772 2340 829 2423 (de
844 2360 913 2425 quo
928 2362 964 2405 ro
989 2340 1033 2406 ad
1049 2338 1228 2407 Summum
1254 2338 1457 2405 Pontificem
1473 2361 1549 2427 per·

487 2442 575 2509 tinet
595 2443 798 2529 providere).
844 2444 973 2511 Verum
999 2465 1099 2508 nemo
1126 2442 1341 2530 praedictum
1371 2440 1549 2529 Apollonis

488 2546 635 2613 credidit
650 2547 875 2635 Apparitioni
897 2545 1140 2613 adversarium.

529 2649 658 2716 Inutile
673 2655 727 2719 est
742 2650 1013 2715 animadvertere
1030 2648 1237 2735 scriptorum
1258 2646 1466 2727 testimonia,
1483 2670 1550 2713 non

487 2753 599 2820 solum
616 2753 729 2819 valere
758 2754 968 2840 exipsorum
998 2752 1212 2832 auctoritate,
1243 2774 1361 2819 rernm
1388 2750 1494 2817 etism
1509 2774 1549 2818 ex

488 2858 691 2923 anctoritate
708 2856 856 2936 illorum,
883 2856 944 2943 qui
965 2858 1094 2943 scripta
1114 2854 1402 2943 approbaverunt,
1415 2858 1450 2919 et
1476 2852 1552 2919 illo·

488 2983 564 3027 rum
579 2960 641 3045 qui
662 2959 838 3025 licentiam
853 2966 1096 3026 concesserunt
1118 2964 1158 3027 ut
1184 2959 1278 3047 typis
1292 2957 1488 3037 ederentur;
1502 2962 1552 3023 at-

489 3086 556 3150 que
571 3062 676 3131 etiam
686 3084 727 3128 ex
737 3063 878 3150 publico
894 3084 1064 3129 consenso
1079 3062 1179 3142 iniis,
1196 3084 1284 3149 quae
1300 3060 1369 3148 ipsi
1384 3066 1549 3127 asserunt

682 3221 746 3287 AD
761 3218 1101 3286 ARGUMENTUM
1130 3216 1365 3287 OCTAVUM.

530 3392 727 3479 Explcoolio
740 3398 769 3458 et
782 3392 997 3476 comprobatio
1008 3390 1167 3457 historico„
1214 3390 1264 3457 Dc
1278 3390 1381 3457 sooria
1391 3390 1512 3455 concio·

647 3496 947 3561 luminatorem
962 3496 1001 3559 B.
1021 3494 1063 3559 M.
1090 3493 1120 3559 V.
1138 3494 1176 3559 de
1197 3492 1393 3579 Guodolupe.

530 3666 695 3745 Primum,
718 3666 877 3733 notitiam
903 3665 1050 3745 tradere,
1073 3666 1111 3731 in
1136 3670 1302 3752 quantum
1329 3665 1404 3731 fiori
1431 3665 1552 3753 possit,

488 3791 577 3857 opus
592 3774 655 3847 est,
672 3769 715 3836 de
745 3768 976 3847 concionibus,
992 3792 1079 3855 quas
1106 3772 1241 3835 constat
1270 3768 1324 3834 vel
1352 3772 1424 3857 typ.
1441 3767 1553 3835 editas

489 3872 608 3951 foisse,
624 3872 679 3937 vel
706 3874 956 3961 manuscriptas
983 3879 1144 3938 servatas.
1189 3871 1324 3938 Notitia
1353 3871 1553 3938 concionum

488 3978 681 4042 assumetur
696 3976 843 4043 maxime
856 3964 897 4043 ei
909 3975 1082 4041 Beristain
1093 3974 1131 4041 in
1142 3996 1204 4040 sus
1215 3974 1436 4042 Bibliotheca
1450 3974 1551 4067 Hisp,

527 4146 572 4225 (r)
615 4150 729 4223 Berist,
745 4148 877 4222 Bibliot,
891 4162 944 4211 art.
964 4150 1138 4227 Conejares.

526 4250 571 4331 (2)
612 4254 690 4335 §14,
704 4251 787 4311 num.
810 4254 880 4329 285.

529 4352 574 4443 (s)
616 4330 769 4428 Ber'iscin.
785 4348 919 4433 uranos,
934 4360 989 4427 cre
1006 4346 1172 4445 Apenaus,
