3625 5217
777 546 838 615 151
934 568 939 579 ·

278 742 354 789 cum
369 723 577 811 argumentis
590 720 697 787 fuisse
726 718 898 786 exhibitas
914 722 949 782 et
975 716 1093 791 tinctas,
1110 734 1151 779 eo
1165 710 1258 799 quod
1273 712 1339 777 etsi

279 826 461 891 nonnullae
486 826 742 901 bresesessent,
769 822 856 887 aliae
877 818 1074 885 diffusiores
1099 838 1175 881 esse
1200 836 1340 881 necesse

278 933 361 1001 arat,
372 928 533 1014 quoniam
549 928 610 993 illa
625 950 645 991 n
661 928 713 991 ale
730 930 913 991 sarriuntur
929 927 1138 1007 argumenta,
1155 918 1340 984 traditione

279 1019 423 1117 pertriti
438 1031 576 1095 saecula
587 1037 622 1095 et
633 1030 813 1095 dimidium
837 1028 1035 1093 continuata
1051 1030 1148 1089 erant
1160 1021 1342 1087 ostenden-

279 1134 333 1199 da:
342 1142 574 1221 opportunum
585 1141 699 1199 autem
710 1132 820 1195 visum
832 1138 884 1196 est
894 1134 1093 1213 argumenta
1104 1126 1217 1191 omnia
1227 1122 1342 1209 quoad

279 1235 418 1301 brevius
432 1236 507 1301 fieri
524 1236 638 1321 potuit
654 1256 833 1321 exponere,
850 1256 1037 1317 eorumque
1055 1232 1121 1293 rim
1139 1228 1341 1315 patefacere,

279 1334 421 1399 utbreri
432 1340 586 1419 tempore
602 1336 756 1419 percurri
768 1338 910 1421 possent
920 1338 953 1397 et
968 1327 1141 1417 perpendi.
1160 1328 1341 1392 Caeterum

278 1437 399 1503 lectori
414 1437 561 1502 liberum
576 1439 651 1513 erit,
671 1439 724 1502 vel
740 1438 775 1503 in
790 1458 997 1523 unoquoque
1014 1438 1214 1519 argumento
1230 1429 1338 1493 hieto-
1441 1448 1449 1465 ·

280 1545 350 1608 riae
367 1542 543 1609 veritatem
560 1565 762 1629 supponere,
779 1544 902 1607 deinde
919 1541 1140 1629 proluendum,
1157 1538 1210 1604 vel
1226 1541 1342 1603 statim

282 1644 317 1710 in
331 1645 396 1709 hac
407 1646 509 1709 tertia
519 1645 781 1709 Dissertatiouis
792 1646 894 1710 Parte
905 1644 1220 1730 comprobationem
1236 1664 1343 1727 quae-

282 1768 365 1811 rere.
410 1746 525 1829 Atque
541 1746 645 1810 etiam
660 1748 857 1825 notandum,
873 1769 941 1809 nou
957 1746 1071 1809 oninia
1093 1750 1292 1831 argumenta
1308 1745 1343 1808 in

282 1846 432 1917 secunda
455 1853 553 1933 parte
578 1850 765 1934 proposita,
793 1848 1071 1935 comprobatione
1097 1848 1260 1914 historica
1290 1847 1343 1913 vel

282 1954 536 2041 explanatione,
566 1960 703 2039 praeter
718 1976 759 2019 ea
774 1976 862 2039 quae
879 1977 955 2019 cum
985 1962 1258 2042 proponerentur
1274 1955 1343 2022 dic-

283 2062 319 2127 ta
332 2061 423 2134 sunt,
440 2055 605 2142 indigere.

496 2262 560 2329 AD
575 2262 913 2329 ARGUMENTUM
928 2248 1129 2336 PRIMUM.

302 2432 522 2519 Comprobat-io
536 2418 694 2499 historico.
741 2435 791 2499 De
805 2434 940 2521 lepontiis,
963 2435 1075 2521 quibus
1100 2434 1331 2520 crrte'quiseinu's

390 2540 728 2627 tempestuosarum
748 2540 778 2609 G
781 2540 1001 2626 rtoddrtpenn's
1016 2538 1240 2625 apparitione

703 2644 923 2709 erratrobatnr.

327 2815 517 2903 Postquam
532 2816 571 2881 Β.
588 2816 635 2882 M.
651 2816 690 2881 V.
708 2816 750 2881 de
766 2814 970 2901 Grradalupe
987 2837 1084 2880 sacra
1098 2814 1218 2899 Imago
1233 2837 1345 2879 coram

285 2913 440 2985 Mexiceo
468 2917 667 2985 felicissimo
696 2916 859 2983 Praesule
890 2916 1095 2982 mirabiliter
1124 2919 1283 3003 apparuit
1312 2918 1347 2983 in

287 3024 388 3109 Apoll
400 3023 545 3089 «Ioannis
559 3021 683 3087 Didaci
697 3020 842 3107 depicta,
855 3020 899 3085 ad
915 3020 1025 3107 majus
1040 3021 1218 3109 Templum
1235 3022 1349 3089 delata
1400 3080 1402 3085 .

288 3125 361 3201 fuit,
378 3124 438 3188 ubi
455 3124 657 3210 aliquandiu
686 3124 881 3210 permansit.
930 3122 1015 3189 Inde
1042 3125 1243 3214 adprimum
1275 3129 1349 3215 ejus

287 3227 556 3313 Tepeyaquense
572 3227 754 3313 Templum
769 3225 906 3311 abipso
922 3226 1095 3304 Praesule,
1111 3236 1146 3295 et
1161 3232 1262 3297 (tlero
1278 3254 1351 3299 sue-

288 3328 396 3399 eulari
407 3334 443 3393 et
458 3329 617 3415 regulari,
645 3327 806 3395 civilibus
820 3328 1081 3416 Magistratibus
1098 3333 1350 3411 comitantibus,

288 3441 324 3501 et
338 3434 468 3523 populo
484 3434 731 3521 copiosissimo,
762 3434 907 3499 solemni
929 3436 1146 3521 processione
1177 3438 1353 3526 praedicta

289 3567 386 3612 sacra
399 3544 521 3631 Imago
536 3542 602 3609 luit
617 3541 792 3617 translata,
809 3544 848 3605 ut
870 3539 1067 3607 stabilietur
1082 3546 1203 3628 postea
1218 3567 1294 3610 cum
1310 3544 1352 3611 dc

291 3652 385 3719 cultu
399 3651 438 3717 B.
456 3650 503 3717 Μ.
521 3650 559 3717 V.
575 3650 618 3716 de
635 3650 839 3737 Gnadalupe
856 3653 1031 3731 tractetur;
1053 3656 1156 3737 atque
1174 3652 1261 3713 inter
1275 3647 1353 3726 alia,

290 3776 379 3843 quae
395 3759 510 3821 tantae
526 3753 737 3820 solemnitati
753 3751 981 3833 contulerunt,
1006 3754 1155 3843 hymnus
1180 3745 1354 3817 menicaire

292 3856 468 3924 §Placido
483 3855 704 3944 compositus,
720 3861 756 3921 et
770 3861 851 3921 tunc
867 3860 1034 3935 cantatus,
1051 3857 1304 3930 annumeratur,
1320 3851 1355 3919 iu

291 3983 362 4048 quo
376 3958 515 4026 nonnisi
531 3980 610 4024 vera
622 3957 665 4023 de
677 3957 916 4046 apparitionis
932 3958 1096 4024 miraculo
1106 3978 1265 4024 enarrare
1281 3978 1358 4043 per-

294 4072 468 4141 misissent
483 4074 519 4135 et
533 4067 698 4145 Antiates,
714 4072 750 4133 et
776 4067 907 4142 Oleros,
938 4070 974 4131 et
989 4064 1105 4129 civiles
1120 4062 1356 4147 Magistratus,

296 4184 377 4259 tnnc
390 4174 434 4242 cle
449 4170 615 4261 religione
631 4170 781 4253 solliciti.

338 4276 445 4353 Modo
459 4273 518 4345 hic
530 4274 680 4365 hymnus
694 4296 763 4353 nou
776 4271 957 4373 tepenter,
988 4292 1066 4349 cum
1082 4268 1183 4372 plura
1212 4272 1247 4345 et
1263 4288 1359 4347 sirm„
