3625 5217
620 1907 632 1919 *
800 1727 1362 2007 VJ,.;]¹IE:I‘['AS
1418 1914 1951 2001 Apparitionum
2012 1915 2500 1985 Sanctissimae
2548 1914 2696 1985 Ma-

1061 2019 1193 2079 riaw
1233 2016 1528 2101 Virginis
1560 2017 1630 2083 in
1674 2018 2062 2104 TepeyfflntI,
2111 2022 2395 2106 ejusque
2444 2022 2695 2108 Imagi-

803 2167 818 2187 .
864 2132 900 2220 ξ·
928 2167 945 2183 .
1057 2124 1161 2185 nie
1193 2119 1277 2184 ιΙυ
1308 2119 1718 2206 Guadalupe
1751 2121 1823 2186 in
1875 2123 2055 2207 ayatl
2081 2123 2374 2189 ‚Ioannis
2424 2124 2694 2204 Didaci‚

568 2224 669 2291 ita
697 2227 984 2295 firmiter
1011 2231 1118 2293 eat
1161 2223 1489 2300 stabilita,
1539 2229 1618 2289 ut
1670 2246 1871 2289 nemo
1900 2225 2090 2290 illam
2140 2226 2539 2314 impugnare
2580 2252 2697 2294 au·

569 2352 689 2395 aus
720 2331 812 2397 sit
834 2330 1004 2417 quin
1057 2334 1610 2414 argumentorum
1637 2326 1939 2412 pondere
1970 2334 2041 2394 et
2082 2328 2522 2397 multitudine
2553 2331 2697 2398 fue·

570 2433 661 2498 rit
712 2453 1109 2519 oppressum
1168 2430 1284 2508 ita,
1318 2428 1553 2494 divina
1602 2428 1988 2515 opitulante
2048 2431 2287 2516 gratia,
2350 2433 2697 2500 mentibus

571 2535 755 2621 apud
786 2541 1128 2601 nostrates
1162 2536 1389 2597 manet
1418 2531 1643 2609 insita,
1705 2537 1784 2597 ut
1835 2554 1973 2597 non
2013 2533 2217 2598 modo
2277 2535 2404 2603 viri
2436 2536 2555 2621 pii,
2587 2559 2698 2603 ve·

571 2660 723 2703 rum
771 2638 978 2704 etiam
1029 2635 1344 2701 homines
1371 2632 1695 2719 flagitiosi
1756 2637 2024 2700 tantum
2076 2634 2482 2700 beneficium
2513 2636 2700 2721 inge-

572 2762 703 2805 nue
737 2740 1212 2815 confiteantur;
1243 2757 1505 2801 necnon
1532 2740 1604 2800 et
1633 2756 1841 2820 quam
1894 2735 2129 2821 plures
2158 2754 2241 2800 ex
2270 2736 2412 2803 inis
2461 2738 2583 2823 qui
2612 2738 2699 2804 de

572 2841 781 2907 rebus
818 2841 906 2906 ad
947 2841 1327 2906 Ecclesiam
1365 2839 1872 2927 pertinentibus
1908 2862 2047 2906 non
2090 2847 2272 2906 recte
2317 2847 2696 2918 senserunt,

573 2943 998 3029 praedictum
1030 2943 1437 3009 beneficium
1468 2965 1605 3007 non
1663 2948 2017 3028 negarunt,
2050 2942 2268 3008 donec
2297 2944 2371 3009 in
2421 2943 2701 3030 profun-

571 3043 736 3107 dum
768 3065 1074 3108 errorum
1100 3042 1500 3110 barathrum
1530 3042 1844 3107 nonnulli
1891 3065 2128 3108 eorum
2178 3043 2487 3130 prolapsi
2518 3050 2694 3110 sunt.

570 3145 706 3227 Qui
736 3144 1257 3231 Apparitionem
1310 3142 1915 3229 Guadalupensem
1969 3144 2331 3224 inficiatur,
2365 3169 2568 3231 grave
2628 3147 2700 3211 in

575 3246 832 3334 populo
861 3253 1140 3333 generat
1171 3246 1587 3311 scandalum.
1679 3245 1883 3327 Quod
1915 3253 2145 3313 autem
2169 3248 2268 3314 ita
2296 3248 2580 3315 firmiter
2609 3249 2698 3314 ab

575 3349 894 3414 omnibus
923 3354 1223 3427 tenetur,
1247 3348 1512 3433 absque
1543 3346 1759 3413 dubio
1812 3348 2217 3415 inconcusso
2260 3350 2505 3416 nititur
2548 3350 2700 3416 fun-

573 3453 912 3518 damento.
976 3452 1132 3516 Hoc
1168 3449 1590 3538 perpendere
1622 3449 2142 3516 fundamentum
2173 3452 2247 3516 in
2277 3452 2406 3517 hac
2433 3452 2701 3518 disser—

575 3557 831 3620 tatione
858 3555 1158 3620 tentabo:
1206 3576 1382 3638 quae
1429 3552 1709 3637 quidem
1748 3553 2146 3620 dissertatio
2192 3555 2426 3620 intres
2467 3562 2697 3641 partes

574 3661 797 3727 divisa
813 3661 960 3727 erit.
989 3660 1183 3724 Facti
1204 3658 1680 3735 narrationem,
1702 3663 1772 3722 et
1791 3680 2022 3722 sacrae
2043 3657 2374 3742 Imaginis
2397 3657 2699 3743 descrip-

575 3765 849 3842 tionem,
882 3768 953 3828 et
982 3761 1358 3849 peritorum
1390 3760 1475 3825 de
1508 3760 1629 3825 illa
1653 3759 1985 3844 judicium
2029 3783 2189 3845 pars
2222 3760 2443 3846 prima
2487 3760 2700 3825 conti-
2818 3828 2839 3847 ἱ

576 3865 786 3932 nebit:
817 3870 1216 3950 argumenta
1259 3863 1515 3949 quibus
1560 3861 2116 3948 Guadalupensis
2188 3862 2551 3948 Apparitio
2583 3862 2699 3926 de·

577 3973 1011 4041 monstratur,
1042 3965 1342 4031 breviter
1371 3968 1812 4049 exponentur,
1860 3984 2231 4048 eorumque
2266 3962 2400 4048 dm
2431 3963 2700 4027 distric-

574 4069 758 4135 tione
791 4068 1272 4156 philosophica
1302 4065 1612 4152 patefieri
1658 4065 2011 4130 curabitur
2043 4065 2112 4129 in
2144 4065 2441 4130 secunda
2480 4072 2699 4151 parte:

576 4171 781 4237 tertia
811 4195 969 4236 vero
1001 4193 1160 4257 pars
1202 4167 1851 4255 comprobationem,
1874 4168 1980 4233 vel
2026 4168 2236 4233 etiam
2280 4168 2700 4253 explanatio-

580 4295 732 4337 nem
758 4273 1155 4339 historicam
1218 4271 1521 4358 ipsorum
1554 4278 2128 4376 argumentorum,
2169 4274 2228 4340 si
2295 4275 2695 4352 necessaria,
