3625 5217
1005 542 1047 614 88

495 724 531 787 st
547 714 706 786 civilibus
721 694 993 807 Magistratibus,
1009 726 1044 785 et
1059 717 1301 785 innumerabili
1332 717 1463 804 populo
1478 735 1552 781 aar·

496 845 571 889 rare
587 823 794 911 permisisse,
811 824 916 903 nullo,
932 846 995 889 nec
1015 823 1247 890 ecclesiastico
1262 823 1344 901 viro,
1361 845 1423 889 nec
1439 842 1554 887 saecu·

495 926 569 1005 lari,
586 926 651 993 etsi
667 926 846 1013 sapientia,
862 930 897 991 et
912 926 1041 1013 pietate
1072 926 1239 1013 praedito,
1255 948 1317 992 nee
1332 924 1436 991 etiam
1463 924 1552 989 cirili

494 1030 680 1108 Potastate,
697 1036 779 1095 tunc
793 1030 958 1117 religione
974 1030 1168 1117 conspicua,
1185 1027 1455 1095 contradicente?

537 1132 605 1199 His
620 1133 779 1198 omnibus
794 1132 862 1197 rim
878 1132 976 1199 addit
991 1133 1084 1219 quod
1098 1133 1135 1197 in
1150 1132 1304 1199 Concilio
1329 1132 1509 1201 Mexicauo
1523 1131 1551 1207 I,

495 1258 584 1303 anno
600 1236 683 1302 1555
700 1240 836 1301 cautum
852 1235 975 1301 fuitne
1006 1235 1097 1301 indis
1113 1235 1263 1301 carmina
1277 1235 1401 1301 festiva
1416 1240 1551 1300 cantare

494 1337 760 1425 permitteretur,
787 1337 853 1403 nisi
869 1339 966 1424 prius
996 1361 1016 1403 a
1031 1338 1202 1422 religiosis
1217 1337 1310 1415 viris,
1326 1340 1361 1403 et
1376 1337 1412 1403 iu
1434 1358 1551 1403 eorum

494 1438 612 1525 lingua
640 1437 794 1525 apprime
825 1438 980 1516 eruditis,
1008 1443 1123 1503 essent
1152 1436 1354 1523 approbata3
1385 1436 1430 1518 (1)
1461 1433 1553 1521 quod

494 1546 713 1629 praeceptum
729 1543 851 1607 iterum
869 1541 1036 1607 sancitum
1057 1540 1123 1606 luit
1152 1540 1188 1605 in
1203 1537 1358 1607 Concilio
1373 1537 1552 1605 Menioano

494 1644 562 1723 HI,
579 1666 668 1711 anno
681 1646 774 1723 1585,
787 1643 822 1710 in
839 1668 907 1731 quo
920 1645 1093 1711 decretum
1107 1643 1173 1709 fuit
1188 1649 1227 1709 ut
1238 1642 1309 1707 indi
1321 1642 1465 1707 coaciam
1481 1664 1554 1707 can·

494 1754 564 1826 teat,
580 1770 659 1833 qaae
673 1772 695 1813 α
709 1749 775 1813 auis
790 1750 955 1828 Poroclia,
971 1756 999 1813 ct
1022 1749 1292 1834 Virrrriiafaerint
1302 1734 1489 1836 approbato.
1508 1750 1552 1824 (2)

494 1848 595 1917 Unde
610 1850 721 1937 liquet
730 1874 779 1929 ea,
801 1875 888 1938 quae
901 1852 944 1917 de
964 1852 1291 1939 Guadalupensibus
1313 1850 1553 1939 Apparitioni-

494 1950 560 2019 bus
583 1953 657 2039 indi
672 1954 716 2019 ad
732 1954 937 2043 Tepeyacatl
966 1956 1203 2034 decantabant,
1230 1956 1423 2042 approbata
1448 1951 1552 2019 fuisse

493 2054 589 2139 juxta
601 2052 780 2119 conciliare
794 2059 1024 2141 praeceptum,
1041 2053 1083 2119 de
1100 2054 1196 2140 cujus
1212 2053 1456 2140 adimpletione
1485 2073 1552 2117 noa

494 2159 548 2223 est
563 2154 706 2221 dubium
718 2156 901 2222 Antistites
914 2156 1096 2233 curavisse,
1109 2161 1144 2221 et
1162 2156 1242 2222 illos
1254 2156 1307 2221 vel
1323 2156 1477 2234 maxime,
1494 2154 1553 2240 qui

495 2256 681 2345 praedictis
704 2256 857 2323 conciliis
874 2256 1022 2321 adfuere.
1067 2256 1139 2322 Nec
1154 2256 1381 2322 dubitandum
1396 2279 1459 2343 per
1481 2262 1553 2322 tan-

495 2364 567 2425 tum
584 2359 749 2447 temporis
771 2360 921 2446 spatium
936 2359 1119 2425 Antistites
1134 2358 1237 2424 etiam
1254 2358 1296 2424 ds
1312 2363 1406 2425 recta
1435 2358 1553 2425 carmi·

496 2484 577 2529 num
589 2462 836 2549 approbatione
849 2463 955 2529 luisse
968 2462 1144 2541 sollicit0s;
1153 2484 1241 2549 quae
1254 2462 1413 2540 carmina,
1426 2468 1466 2528 at
1480 2461 1550 2527 dic·

496 2569 568 2631 tum
584 2572 646 2645 est,
662 2566 765 2633 etiam
792 2566 930 2652 quando
959 2565 1141 2632 Antistites
1157 2563 1369 2652 processioni
1397 2564 1553 2652 prasius·

496 2668 585 2742 mnt,
602 2668 738 2733 cantata
752 2665 855 2732 luere.
889 2667 1000 2752 Atque
1016 2665 1103 2731 illud
1115 2687 1197 2751 prae
1220 2664 1330 2730 oculis
1345 2662 1550 2743 habendum,

495 2766 708 2835 Maxioanam
724 2769 874 2855 linguam
890 2769 961 2836 illis
977 2768 1190 2856 temporibus
1202 2768 1346 2834 maxime
1373 2766 1481 2835 faisse
1497 2790 1553 2833 sx-

496 2870 622 2938 cultam
640 2871 758 2937 aviris
776 2872 956 2959 religiosis.

536 2976 788 3043 Firmissimum
804 3000 885 3065 ergo
904 2976 1052 3043 sumitur
1067 2983 1304 3065 argumentum
1318 2974 1361 3041 da
1377 2976 1551 3043 Gaudalu-

495 3082 610 3168 psnsis
625 3079 862 3167 Apparitionis
874 3080 1027 3158 veritate,
1040 3099 1082 3145 ex
1097 3102 1139 3146 eo
1148 3078 1242 3166 quod
1257 3078 1444 3145 maricanis
1455 3079 1553 3167 hym·

495 3182 558 3261 nis,
575 3182 677 3249 modo
692 3182 877 3269 praedicte,
891 3204 953 3271 par
962 3183 1145 3261 saeculum,
1159 3186 1194 3249 et
1209 3182 1357 3271 amplias
1372 3182 1476 3249 fuerit
1491 3204 1552 3271 pa·

494 3285 584 3352 blica
598 3291 764 3381 enarrata

536 3527 579 3604 (ι)
623 3528 670 3587 Ita
685 3526 726 3587 ait
740 3546 806 3605 cap.
823 3529 951 3600 LXXII,
995 3531 1054 3591 “Ni
1080 3542 1188 3591 canten
1206 3532 1262 3606 (los
1277 3530 1389 3609 indias)
1417 3543 1554 3592 cantares

493 3625 533 3687 de
546 3644 597 3686 sus
611 3625 690 3695 litos,
710 3630 727 3687 ἐ
741 3624 880 3687 historias
894 3627 1040 3707 antiguas,
1056 3628 1102 3687 sin
1130 3648 1189 3705 que
1217 3628 1345 3707 primero
1360 3648 1432 3690 aean
1447 3629 1554 3691 exami-

493 3724 590 3785 nados
604 3725 648 3785 los
677 3724 782 3785 dichos
796 3737 932 3786 cantares
958 3746 1012 3806 por
1035 3726 1211 3805 Religiosos,
1242 3733 1418 3807 opersonas
1431 3747 1491 3807 que
1505 3747 1555 3789 en·

494 3822 616 3885 tiendan
632 3844 702 3901 rnuy
713 3824 781 3885 bien
798 3825 825 3884 la
841 3826 958 3905 lengua,
974 3848 996 3906 y
1010 3846 1048 3887 en
1063 3828 1108 3885 los
1136 3828 1208 3887 tales
1223 3840 1359 3889 cantares
1383 3847 1416 3889 se
1430 3846 1554 3907 procare

490 3918 550 4005 ‘por
563 3924 607 3983 los
625 3922 781 3985 Ministros
796 3926 834 3984 de
849 3927 875 3985 el
893 3928 1065 4003 Evangelio,
1083 3946 1144 4003 que
1157 3946 1198 3987 no
1209 3948 1242 3988 se
1255 3940 1350 3988 traten
1365 3948 1404 3989 en
1419 3930 1493 3989 ellos
1507 3948 1555 3990 co

492 4040 539 4083 aas
554 4023 700 4099 profanas,
719 4022 785 4083 sino
800 4042 860 4100 que
873 4045 945 4086 seau
960 4029 1000 4088 de
1016 4030 1161 4089 Doctrina
1175 4030 1353 4108 Christiana,
1382 4052 1401 4110 y
1414 4052 1500 4093 cosas
1514 4032 1553 4095 de

490 4100 536 4189 los
553 4120 713 4201 Mysterios
727 4120 766 4183 de
782 4136 903 4185 nuestra
917 4122 1128 4187 Redeneionx’

481 4228 485 4245 ‘
527 4224 573 4317 ta
617 4238 680 4304 ua
698 4240 734 4309 1..
748 4240 794 4302 ta
811 4242 837 4305 1.
855 4242 903 4306 ns
918 4243 1000 4306 sam.
1016 4244 1216 4313 rena-ns
1240 4247 1465 4335 impedimenta
1480 4268 1546 4333 pro.

487 4334 684 4443 malarum
696 4338 738 4405 ab
750 4337 831 4407 indu
844 4340 1045 4423 amoveud'n,
1059 4346 1076 4426 5
1089 4346 1114 4410 Ι.
