3625 5217
985 496 1028 575 86

475 674 569 767 picta
583 679 753 767 apparuit,
766 702 924 767 quaeque
939 679 1053 747 adhuc
1067 681 1104 748 in
1118 680 1310 769 collegiata
1323 672 1482 748 Ecclesia
1492 671 1537 747 ad

476 782 683 871 'Iepcyacatl
699 787 894 850 asservatur
909 788 945 849 et
958 789 1149 863 veneratur,
1173 784 1269 850 aliud
1283 785 1364 851 hine
1388 784 1537 850 habetur

475 891 712 973 argumentum
739 884 958 973 desumptum
983 908 1024 952 ex
1038 885 1167 972 jndicio
1196 887 1386 973 pem'torum
1401 886 1444 953 de
1459 887 1537 973 ipsa

476 988 581 1056 Sacra
595 989 749 1076 Imagins
765 988 807 1054 de
824 987 1037 1074 Guadalupe.
1055 988 1109 1054 De
1124 1011 1193 1074 quo
1209 995 1410 1075 argumento
1425 988 1537 1055 adhuc

475 1100 689 1167 tractandum
706 1104 767 1179 est,
784 1099 849 1165 etsi
865 1098 966 1185 plura
976 1098 1020 1165 de
1035 1098 1097 1165 illo
1112 1098 1237 1165 dixerit
1252 1100 1293 1165 D.
1307 1099 1458 1166 Michael
1473 1099 1537 1166 Oa-

475 1205 576 1272 brera
591 1206 627 1271 in
641 1205 818 1293 Opusculo
841 1206 877 1272 in
892 1208 1004 1295 prima
1030 1208 1135 1293 hujus
1158 1210 1413 1277 dissertationis
1439 1213 1536 1297 parte

475 1306 614 1388 inserte,
631 1314 666 1375 et
680 1309 741 1374 alii
755 1308 820 1375 viri
835 1310 871 1375 in
885 1311 968 1376 Arte
985 1309 1149 1398 pingendi
1163 1313 1267 1400 periti
1283 1314 1357 1398 ejus
1371 1312 1536 1399 judicium

475 1410 749 1498 approbaverint
795 1412 863 1479 His
892 1412 1150 1496 animadversis,
1181 1422 1383 1503 argumenta
1413 1438 1538 1503 propo·

476 1528 610 1588 nantnr.

731 1693 1069 1762 ARGUMENTUM
1084 1696 1287 1764 PRIMUM.

482 1864 602 1931 Veritas
633 1864 886 1952 cmmlupaen
912 1866 1136 1952 Appcritionis
1149 1868 1384 1939 deremwtrotur
1407 1893 1446 1935 ea
1459 1870 1539 1937 cnti-

509 1966 664 2054 quemme
678 1968 892 2034 eonemtcdine
908 1968 997 2033 altem
1007 1968 1178 2035 maeinanis
1192 1971 1317 2057 hymnis
1331 1972 1507 2037 ermrrandi

559 2068 636 2135 dnm
651 2070 690 2135 in
711 2070 944 2158 l'epeyaquenai
965 2071 1093 2157 Templo
1107 2072 1326 2155 celebrabatur,
1341 2096 1452 2141 necnon

730 2173 902 2260 aliquando
916 2174 1012 2239 etiam
1023 2174 1058 2239 in
1070 2175 1187 2241 Meeici
1198 2177 1281 2243 urbe

517 2346 596 2413 Mos
610 2345 677 2412 init
703 2344 796 2432 apud
811 2345 972 2431 antiquos
987 2346 1180 2413 mexicanos
1209 2370 1321 2413 rernm
1338 2348 1452 2437 magni
1467 2372 1537 2415 mo·

474 2453 579 2521 menti
595 2453 792 2520 memoriam
805 2473 1014 2529 conservare,
1030 2457 1066 2519 et
1077 2451 1120 2517 ad
1132 2458 1289 2539 posteros
1304 2452 1535 2521 transmittere

475 2557 613 2647 publice
627 2556 717 2636 illas,
733 2560 768 2623 et
783 2554 903 2621 festive
919 2554 955 2619 in
979 2554 1113 2621 choreis
1130 2555 1281 2639 (denras)
1308 2556 1466 2623 versibus
1480 2554 1538 2623 de·

475 2659 656 2741 cantando;
670 2680 758 2747 qnos
769 2681 889 2726 versus
900 2682 1026 2746 pueros
1035 2658 1234 2737 edocebant,
1251 2659 1311 2745 qui
1326 2682 1446 2727 rursus
1461 2682 1537 2727 cnm

475 2775 656 2861 provectae
686 2773 801 2836 essent
816 2768 949 2848 aetatis,
971 2768 1051 2835 illos
1066 2767 1305 2848 decantabant
1320 2770 1410 2835 unde
1425 2791 1537 2835 rerum

475 2872 640 2941 memoria
668 2894 731 2961 per
752 2870 968 2959 quingentos,
980 2876 1016 2937 et
1027 2870 1131 2936 etiam
1146 2893 1208 2958 per
1231 2871 1324 2939 mille
1340 2894 1448 2939 annos
1462 2894 1538 2959 per-

476 2980 633 3049 durabat

519 3088 663 3157 Constat
678 3111 759 3177 ergo
775 3087 866 3175 apud
877 3091 1044 3164 auctores,
1055 3083 1152 3171 juxta
1168 3083 1259 3148 hunc
1276 3104 1415 3161 morem,
1431 3103 1473 3147 eo
1487 3079 1538 3166 ip·

476 3220 515 3267 so
531 3196 597 3275 die,
613 3219 682 3283 quo
698 3194 915 3283 processione
931 3192 1084 3268 solemni,
1100 3194 1139 3255 ut
1155 3192 1275 3276 postea
1304 3186 1448 3265 dicetur,
1463 3184 1538 3271 ipse

477 3300 695 3369 felicissimus
707 3298 923 3383 Zumarraga,
940 3316 1053 3360 coram
1068 3314 1137 3379 quo
1150 3292 1253 3357 Sacra
1267 3291 1387 3377 Imago
1402 3287 1539 3355 Gnade-

477 3404 632 3493 lnpsnsis
642 3400 811 3491 apparuit,
825 3396 979 3465 eamdem
991 3396 1180 3481 Imaginem
1190 3392 1209 3460 ό
1221 3393 1371 3457 Maxima
1385 3389 1540 3457 Mexicea

480 3506 636 3575 Ecclesia
666 3505 709 3571 ad
736 3504 1003 3591 Tepeyaquense
1030 3498 1178 3587 primum
1208 3496 1387 3583 Templum
1404 3492 1538 3571 detulit,

480 3612 691 3679 mexicannm
707 3607 749 3674 de
764 3606 829 3672 hac
855 3628 891 3671 re
907 3604 1081 3691 hymnum,
1098 3600 1324 3687 compositum
1340 3621 1361 3663 a
1375 3598 1417 3663 D.
1434 3596 1540 3662 Fran-

481 3715 572 3783 cisco
586 3712 736 3789 Placido,
748 3708 808 3796 qni
820 3704 1066 3793 Azeapotzalco
1078 3707 1244 3791 praeerat,
1261 3702 1367 3768 fuisse
1383 3701 1541 3767 decanta

483 3826 567 3897 tum;
582 3823 685 3907 atque
715 3811 847 3887 deinde,
864 3832 926 3897 per
940 3808 1110 3895 integrum
1125 3806 1196 3871 iere
1226 3805 1410 3882 saeculum,
1427 3804 1540 3881 idest,

483 3944 592 4009 usque
605 3920 647 3986 ad
660 3938 784 3984 annum
798 3914 891 3991 1629,
905 3934 974 3997 quo
984 3910 1022 3975 B.
1036 3910 1082 3975 M.
1095 3908 1135 3974 V.
1149 3908 1191 3973 de
1203 3908 1408 3995 Guadalupe
1422 3906 1543 3995 Imago

484 4026 653 4095 Mexieum
670 4020 785 4087 delata
798 4016 873 4091 suit,
892 4017 940 4097 (1)
960 4036 1036 4078 cnm
1051 4012 1232 4100 Apparitio
1247 4012 1444 4099 Tepeyacac
1459 4010 1544 4077 cele·

484 4130 658 4206 brabatur,
671 4121 849 4191 historiam
861 4116 1127 4207 Appetitionum
1139 4115 1276 4203 hymnis
1288 4114 1463 4181 morienne
1474 4136 1545 4181 ser·

487 4274 583 4293 μ

527 4332 585 4415 (ι)
625 4332 669 4394 Ut
680 4326 746 4391 urbi
761 4324 846 4406 aquis
861 4322 1025 4389 innodatae
1036 4322 1070 4385 Β.
1086 4322 1123 4382 V.
1139 4333 1218 4383 esset
1231 4318 1368 4403 propitia
