<?xml version="1.0" encoding="UTF-8"?>
<!DOCTYPE html PUBLIC "-//W3C//DTD XHTML 1.0 Transitional//EN"
    "http://www.w3.org/TR/xhtml1/DTD/xhtml1-transitional.dtd">
<html xmlns="http://www.w3.org/1999/xhtml" xml:lang="en" lang="en">
 <head>
  <title>
</title>
<meta http-equiv="Content-Type" content="text/html;charset=utf-8" />
  <meta name='ocr-system' content='tesseract 3.04.00' />
  <meta name='ocr-capabilities' content='ocr_page ocr_carea ocr_par ocr_line ocrx_word'/>
</head>
<body>
  <div class='ocr_page' id='page_1' title='image "./dissertatiohist00rosagoog_0145.png"; bbox 0 0 3625 5217; ppageno 0'>
   <div class='ocr_carea' id='block_1_1' title="bbox 768 474 831 541">
    <p class='ocr_par' dir='ltr' id='par_1_1' title="bbox 768 474 831 541">
     <span class='ocr_line' id='line_1_1' title="bbox 768 474 831 541; baseline 0 0"><span class='ocrx_word' id='word_1_1' title='bbox 768 474 831 541; x_wconf 83' lang='lat'><strong>141</strong></span> 
     </span>
    </p>
   </div>
   <div class='ocr_carea' id='block_1_2' title="bbox 233 642 1414 2288">
    <p class='ocr_par' dir='ltr' id='par_1_2' title="bbox 262 642 1325 839">
     <span class='ocr_line' id='line_1_2' title="bbox 303 642 1325 735; baseline 0 -26"><span class='ocrx_word' id='word_1_2' title='bbox 303 642 404 713; x_wconf 87' lang='lat' dir='ltr'><strong>Nunc</strong></span> <span class='ocrx_word' id='word_1_3' title='bbox 418 648 533 713; x_wconf 86' lang='lat' dir='ltr'><strong>autem</strong></span> <span class='ocrx_word' id='word_1_4' title='bbox 550 647 715 714; x_wconf 88' lang='lat' dir='ltr'><strong>nonnulla</strong></span> <span class='ocrx_word' id='word_1_5' title='bbox 727 645 900 713; x_wconf 89' lang='lat' dir='ltr'><strong>mirabilia</strong></span> <span class='ocrx_word' id='word_1_6' title='bbox 915 646 1112 735; x_wconf 77' lang='lat' dir='ltr'><strong>specialiter</strong></span> <span class='ocrx_word' id='word_1_7' title='bbox 1127 644 1255 713; x_wconf 88' lang='lat' dir='ltr'><strong>referre</strong></span> <span class='ocrx_word' id='word_1_8' title='bbox 1272 647 1325 711; x_wconf 87' lang='lat' dir='ltr'><strong>est</strong></span> 
     </span>
     <span class='ocr_line' id='line_1_3' title="bbox 262 755 502 839; baseline 0.004 -22"><span class='ocrx_word' id='word_1_9' title='bbox 262 755 502 839; x_wconf 89' lang='lat' dir='ltr'><strong>opportunum.</strong></span> 
     </span>
    </p>

    <p class='ocr_par' dir='ltr' id='par_1_3' title="bbox 233 852 1414 1767">
     <span class='ocr_line' id='line_1_4' title="bbox 303 852 1325 942; baseline -0.001 -23"><span class='ocrx_word' id='word_1_10' title='bbox 303 854 355 919; x_wconf 86' lang='lat' dir='ltr'><strong>Eo</strong></span> <span class='ocrx_word' id='word_1_11' title='bbox 371 852 450 941; x_wconf 90' lang='lat' dir='ltr'><strong>ipso</strong></span> <span class='ocrx_word' id='word_1_12' title='bbox 465 853 531 934; x_wconf 81' lang='lat' dir='ltr'><strong>dia,</strong></span> <span class='ocrx_word' id='word_1_13' title='bbox 562 878 632 941; x_wconf 90' lang='lat' dir='ltr'><strong>quo</strong></span> <span class='ocrx_word' id='word_1_14' title='bbox 653 856 785 923; x_wconf 88' lang='lat' dir='ltr'><strong>aRmo.</strong></span> <span class='ocrx_word' id='word_1_15' title='bbox 803 857 1012 942; x_wconf 84' lang='lat' dir='ltr'><strong>Zumarraga</strong></span> <span class='ocrx_word' id='word_1_16' title='bbox 1027 855 1133 921; x_wconf 84' lang='lat' dir='ltr'><strong>Sacra</strong></span> <span class='ocrx_word' id='word_1_17' title='bbox 1146 854 1268 939; x_wconf 80' lang='lat' dir='ltr'>Imago</span> <span class='ocrx_word' id='word_1_18' title='bbox 1283 852 1325 919; x_wconf 91' lang='lat' dir='ltr'><strong>de</strong></span> 
     </span>
     <span class='ocr_line' id='line_1_5' title="bbox 263 954 1414 1047; baseline -0.001 -27"><span class='ocrx_word' id='word_1_19' title='bbox 263 954 466 1043; x_wconf 86' lang='lat' dir='ltr'><strong>Guadalupe</strong></span> <span class='ocrx_word' id='word_1_20' title='bbox 499 957 666 1044; x_wconf 83' lang='lat' dir='ltr'><strong>inprime</strong></span> <span class='ocrx_word' id='word_1_21' title='bbox 695 958 956 1047; x_wconf 82' lang='lat' dir='ltr'><strong>Tepcyaquensi</strong></span> <span class='ocrx_word' id='word_1_22' title='bbox 987 958 1131 1043; x_wconf 81' lang='lat' dir='ltr'><strong>Templo</strong></span> <span class='ocrx_word' id='word_1_23' title='bbox 1160 954 1327 1023; x_wconf 87' lang='lat' dir='ltr'><strong>collocata</strong></span> <span class='ocrx_word' id='word_1_24' title='bbox 1405 954 1414 975; x_wconf 82' lang='lat'>‘</span> 
     </span>
     <span class='ocr_line' id='line_1_6' title="bbox 264 1056 1328 1139; baseline 0.002 -16"><span class='ocrx_word' id='word_1_25' title='bbox 264 1057 338 1137; x_wconf 85' lang='lat' dir='ltr'><strong>fuit,</strong></span> <span class='ocrx_word' id='word_1_26' title='bbox 352 1082 429 1125; x_wconf 88' lang='lat' dir='ltr'><strong>cnm</strong></span> <span class='ocrx_word' id='word_1_27' title='bbox 440 1059 524 1139; x_wconf 89' lang='lat' dir='ltr'><strong>indi,</strong></span> <span class='ocrx_word' id='word_1_28' title='bbox 538 1060 767 1127; x_wconf 79' lang='lat' dir='ltr'><strong>solemnitatis</strong></span> <span class='ocrx_word' id='word_1_29' title='bbox 787 1084 891 1127; x_wconf 87' lang='lat' dir='ltr'><strong>causa</strong></span> <span class='ocrx_word' id='word_1_30' title='bbox 902 1062 1123 1127; x_wconf 76' lang='lat' dir='ltr'><strong>simulacrum</strong></span> <span class='ocrx_word' id='word_1_31' title='bbox 1133 1058 1215 1125; x_wconf 85' lang='lat' dir='ltr'><strong>belli</strong></span> <span class='ocrx_word' id='word_1_32' title='bbox 1229 1056 1328 1125; x_wconf 85' lang='lat' dir='ltr'><strong>lecis-</strong></span> 
     </span>
     <span class='ocr_line' id='line_1_7' title="bbox 265 1162 1328 1251; baseline 0.001 -25"><span class='ocrx_word' id='word_1_33' title='bbox 265 1166 349 1241; x_wconf 89' lang='lat' dir='ltr'><strong>sent,</strong></span> <span class='ocrx_word' id='word_1_34' title='bbox 360 1166 457 1227; x_wconf 84' lang='lat' dir='ltr'><strong>extra</strong></span> <span class='ocrx_word' id='word_1_35' title='bbox 466 1162 689 1230; x_wconf 84' lang='lat' dir='ltr'><strong>intentionem</strong></span> <span class='ocrx_word' id='word_1_36' title='bbox 700 1164 825 1231; x_wconf 90' lang='lat' dir='ltr'><strong>accidit</strong></span> <span class='ocrx_word' id='word_1_37' title='bbox 837 1164 930 1250; x_wconf 87' lang='lat' dir='ltr'><strong>quod</strong></span> <span class='ocrx_word' id='word_1_38' title='bbox 943 1164 1070 1251; x_wconf 84' lang='lat' dir='ltr'><strong>sagitta</strong></span> <span class='ocrx_word' id='word_1_39' title='bbox 1081 1163 1199 1231; x_wconf 87' lang='lat' dir='ltr'><strong>indum</strong></span> <span class='ocrx_word' id='word_1_40' title='bbox 1211 1183 1328 1249; x_wconf 87' lang='lat' dir='ltr'><strong>quem-</strong></span> 
     </span>
     <span class='ocr_line' id='line_1_8' title="bbox 266 1263 1329 1357; baseline -0.003 -25"><span class='ocrx_word' id='word_1_41' title='bbox 266 1267 342 1333; x_wconf 89' lang='lat' dir='ltr'><strong>dam</strong></span> <span class='ocrx_word' id='word_1_42' title='bbox 354 1269 392 1333; x_wconf 91' lang='lat' dir='ltr'><strong>in</strong></span> <span class='ocrx_word' id='word_1_43' title='bbox 401 1268 490 1335; x_wconf 92' lang='lat' dir='ltr'><strong>collo</strong></span> <span class='ocrx_word' id='word_1_44' title='bbox 501 1271 683 1357; x_wconf 84' lang='lat' dir='ltr'><strong>percussit:</strong></span> <span class='ocrx_word' id='word_1_45' title='bbox 695 1276 798 1355; x_wconf 89' lang='lat' dir='ltr'><strong>atque</strong></span> <span class='ocrx_word' id='word_1_46' title='bbox 809 1268 917 1347; x_wconf 90' lang='lat' dir='ltr'><strong>illum,</strong></span> <span class='ocrx_word' id='word_1_47' title='bbox 940 1268 993 1333; x_wconf 80' lang='lat' dir='ltr'><strong>rel</strong></span> <span class='ocrx_word' id='word_1_48' title='bbox 1017 1268 1085 1353; x_wconf 86' lang='lat' dir='ltr'><strong>jam</strong></span> <span class='ocrx_word' id='word_1_49' title='bbox 1109 1263 1329 1333; x_wconf 82' lang='lat' dir='ltr'><strong>ritamexha·</strong></span> 
     </span>
     <span class='ocr_line' id='line_1_9' title="bbox 266 1366 1329 1459; baseline -0.004 -23"><span class='ocrx_word' id='word_1_50' title='bbox 266 1369 403 1450; x_wconf 85' lang='lat' dir='ltr'><strong>lautam,</strong></span> <span class='ocrx_word' id='word_1_51' title='bbox 421 1371 474 1438; x_wconf 81' lang='lat' dir='ltr'><strong>vel</strong></span> <span class='ocrx_word' id='word_1_52' title='bbox 489 1372 628 1459; x_wconf 82' lang='lat' dir='ltr'><strong>penitus</strong></span> <span class='ocrx_word' id='word_1_53' title='bbox 644 1379 826 1451; x_wconf 89' lang='lat' dir='ltr'><strong>mortuum,</strong></span> <span class='ocrx_word' id='word_1_54' title='bbox 843 1370 887 1437; x_wconf 92' lang='lat' dir='ltr'><strong>ad</strong></span> <span class='ocrx_word' id='word_1_55' title='bbox 902 1372 1039 1438; x_wconf 78' lang='lat' dir='ltr'><strong>Sacram</strong></span> <span class='ocrx_word' id='word_1_56' title='bbox 1056 1368 1245 1457; x_wconf 78' lang='lat' dir='ltr'><strong>Imaginem</strong></span> <span class='ocrx_word' id='word_1_57' title='bbox 1271 1366 1329 1432; x_wconf 92' lang='lat' dir='ltr'><strong>de·</strong></span> 
     </span>
     <span class='ocr_line' id='line_1_10' title="bbox 267 1470 1330 1563; baseline -0.001 -25"><span class='ocrx_word' id='word_1_58' title='bbox 267 1474 429 1554; x_wconf 88' lang='lat' dir='ltr'><strong>tulerunt,</strong></span> <span class='ocrx_word' id='word_1_59' title='bbox 445 1475 631 1563; x_wconf 89' lang='lat' dir='ltr'><strong>Deiparam</strong></span> <span class='ocrx_word' id='word_1_60' title='bbox 648 1498 724 1541; x_wconf 88' lang='lat' dir='ltr'><strong>cum</strong></span> <span class='ocrx_word' id='word_1_61' title='bbox 740 1475 858 1541; x_wconf 87' lang='lat' dir='ltr'><strong>dolore</strong></span> <span class='ocrx_word' id='word_1_62' title='bbox 874 1480 910 1541; x_wconf 88' lang='lat' dir='ltr'><strong>et</strong></span> <span class='ocrx_word' id='word_1_63' title='bbox 930 1473 1091 1561; x_wconf 83' lang='lat' dir='ltr'><strong>lacrymis</strong></span> <span class='ocrx_word' id='word_1_64' title='bbox 1105 1494 1169 1560; x_wconf 88' lang='lat' dir='ltr'><strong>pro</strong></span> <span class='ocrx_word' id='word_1_65' title='bbox 1184 1472 1245 1537; x_wconf 93' lang='lat' dir='ltr'><strong>illo</strong></span> <span class='ocrx_word' id='word_1_66' title='bbox 1272 1470 1330 1537; x_wconf 90' lang='lat' dir='ltr'><strong>de-</strong></span> 
     </span>
     <span class='ocr_line' id='line_1_11' title="bbox 233 1578 1330 1667; baseline 0.003 -26"><span class='ocrx_word' id='word_1_67' title='bbox 233 1594 241 1611; x_wconf 83' lang='lat'><em>&#39;</em></span> <span class='ocrx_word' id='word_1_68' title='bbox 268 1584 454 1663; x_wconf 87' lang='lat' dir='ltr'><strong>precantes.</strong></span> <span class='ocrx_word' id='word_1_69' title='bbox 472 1578 582 1644; x_wconf 91' lang='lat' dir='ltr'><strong>Indus</strong></span> <span class='ocrx_word' id='word_1_70' title='bbox 597 1602 688 1667; x_wconf 83' lang='lat' dir='ltr'><strong>erga,</strong></span> <span class='ocrx_word' id='word_1_71' title='bbox 715 1580 775 1666; x_wconf 89' lang='lat' dir='ltr'><strong>qui</strong></span> <span class='ocrx_word' id='word_1_72' title='bbox 786 1602 951 1667; x_wconf 86' lang='lat' dir='ltr'><strong>percusus</strong></span> <span class='ocrx_word' id='word_1_73' title='bbox 978 1579 1099 1657; x_wconf 84' lang='lat' dir='ltr'><strong>lucrat,</strong></span> <span class='ocrx_word' id='word_1_74' title='bbox 1116 1579 1212 1645; x_wconf 84' lang='lat' dir='ltr'><strong>vivus</strong></span> <span class='ocrx_word' id='word_1_75' title='bbox 1228 1584 1262 1645; x_wconf 87' lang='lat' dir='ltr'><strong>et</strong></span> <span class='ocrx_word' id='word_1_76' title='bbox 1277 1600 1330 1645; x_wconf 92' lang='lat' dir='ltr'><strong>sa·</strong></span> 
     </span>
     <span class='ocr_line' id='line_1_12' title="bbox 269 1681 577 1767; baseline 0.01 -23"><span class='ocrx_word' id='word_1_77' title='bbox 269 1700 333 1745; x_wconf 87' lang='lat' dir='ltr'><strong>nus</strong></span> <span class='ocrx_word' id='word_1_78' title='bbox 355 1681 512 1747; x_wconf 79' lang='lat' dir='ltr'><strong>surrexit</strong></span> <span class='ocrx_word' id='word_1_79' title='bbox 531 1683 577 1767; x_wconf 81' lang='lat' dir='ltr'><strong>(l)</strong></span> 
     </span>
    </p>

    <p class='ocr_par' dir='ltr' id='par_1_4' title="bbox 270 1784 1333 2288">
     <span class='ocr_line' id='line_1_13' title="bbox 311 1784 1332 1873; baseline -0.001 -22"><span class='ocrx_word' id='word_1_80' title='bbox 311 1785 412 1873; x_wconf 86' lang='lat' dir='ltr'>Equo</span> <span class='ocrx_word' id='word_1_81' title='bbox 427 1787 589 1856; x_wconf 82' lang='lat' dir='ltr'><strong>incedens</strong></span> <span class='ocrx_word' id='word_1_82' title='bbox 604 1812 622 1855; x_wconf 91' lang='lat' dir='ltr'><strong>e</strong></span> <span class='ocrx_word' id='word_1_83' title='bbox 638 1788 774 1855; x_wconf 82' lang='lat' dir='ltr'><strong>Maxico</strong></span> <span class='ocrx_word' id='word_1_84' title='bbox 789 1790 824 1857; x_wconf 82' lang='lat' dir='ltr'><strong>&#39;m</strong></span> <span class='ocrx_word' id='word_1_85' title='bbox 853 1788 1087 1855; x_wconf 83' lang='lat' dir='ltr'><strong>Tollantzinco</strong></span> <span class='ocrx_word' id='word_1_86' title='bbox 1103 1787 1168 1853; x_wconf 88' lang='lat' dir='ltr'><strong>iter</strong></span> <span class='ocrx_word' id='word_1_87' title='bbox 1184 1784 1332 1852; x_wconf 88' lang='lat' dir='ltr'><strong>iaciebat</strong></span> 
     </span>
     <span class='ocr_line' id='line_1_14' title="bbox 270 1888 1332 1979; baseline -0.001 -25"><span class='ocrx_word' id='word_1_88' title='bbox 270 1888 401 1975; x_wconf 84' lang='lat' dir='ltr'><strong>juvenis</strong></span> <span class='ocrx_word' id='word_1_89' title='bbox 411 1890 655 1975; x_wconf 79' lang='lat' dir='ltr'><strong>quidamzdum</strong></span> <span class='ocrx_word' id='word_1_90' title='bbox 665 1915 747 1979; x_wconf 82' lang='lat' dir='ltr'><strong>ergo</strong></span> <span class='ocrx_word' id='word_1_91' title='bbox 756 1892 823 1957; x_wconf 89' lang='lat' dir='ltr'><strong>iter</strong></span> <span class='ocrx_word' id='word_1_92' title='bbox 832 1890 969 1969; x_wconf 84' lang='lat' dir='ltr'><strong>faceret,</strong></span> <span class='ocrx_word' id='word_1_93' title='bbox 980 1913 1090 1977; x_wconf 87' lang='lat' dir='ltr'><strong>equus</strong></span> <span class='ocrx_word' id='word_1_94' title='bbox 1099 1889 1188 1956; x_wconf 83' lang='lat' dir='ltr'><strong>freni</strong></span> <span class='ocrx_word' id='word_1_95' title='bbox 1199 1888 1332 1975; x_wconf 84' lang='lat' dir='ltr'><strong>subjec-</strong></span> 
     </span>
     <span class='ocr_line' id='line_1_15' title="bbox 271 1992 1332 2078; baseline 0.001 -21"><span class='ocrx_word' id='word_1_96' title='bbox 271 1992 357 2059; x_wconf 89' lang='lat' dir='ltr'><strong>tioni</strong></span> <span class='ocrx_word' id='word_1_97' title='bbox 372 2017 447 2061; x_wconf 87' lang='lat' dir='ltr'><strong>sese</strong></span> <span class='ocrx_word' id='word_1_98' title='bbox 460 1994 665 2073; x_wconf 86' lang='lat' dir='ltr'><strong>subducens,</strong></span> <span class='ocrx_word' id='word_1_99' title='bbox 682 1995 895 2061; x_wconf 77' lang='lat' dir='ltr'><strong>velocissime</strong></span> <span class='ocrx_word' id='word_1_100' title='bbox 923 1994 1082 2073; x_wconf 85' lang='lat' dir='ltr'><strong>cucurrit,</strong></span> <span class='ocrx_word' id='word_1_101' title='bbox 1095 1999 1131 2058; x_wconf 90' lang='lat' dir='ltr'><strong>et</strong></span> <span class='ocrx_word' id='word_1_102' title='bbox 1141 1993 1297 2078; x_wconf 86' lang='lat' dir='ltr'><strong>juvenem</strong></span> <span class='ocrx_word' id='word_1_103' title='bbox 1314 2014 1332 2058; x_wconf 87' lang='lat' dir='ltr'><strong>e</strong></span> 
     </span>
     <span class='ocr_line' id='line_1_16' title="bbox 271 2096 1333 2185; baseline 0 -22"><span class='ocrx_word' id='word_1_104' title='bbox 271 2096 437 2185; x_wconf 89' lang='lat' dir='ltr'><strong>ephippio</strong></span> <span class='ocrx_word' id='word_1_105' title='bbox 452 2099 607 2183; x_wconf 82' lang='lat' dir='ltr'><strong>ejectum,</strong></span> <span class='ocrx_word' id='word_1_106' title='bbox 624 2104 659 2165; x_wconf 88' lang='lat' dir='ltr'><strong>et</strong></span> <span class='ocrx_word' id='word_1_107' title='bbox 674 2098 762 2185; x_wconf 88' lang='lat' dir='ltr'><strong>pede</strong></span> <span class='ocrx_word' id='word_1_108' title='bbox 783 2120 801 2163; x_wconf 94' lang='lat' dir='ltr'><strong>e</strong></span> <span class='ocrx_word' id='word_1_109' title='bbox 815 2097 980 2163; x_wconf 88' lang='lat' dir='ltr'><strong>scandula</strong></span> <span class='ocrx_word' id='word_1_110' title='bbox 1002 2118 1217 2185; x_wconf 88' lang='lat' dir='ltr'><strong>suspensum,</strong></span> <span class='ocrx_word' id='word_1_111' title='bbox 1230 2096 1333 2163; x_wconf 85' lang='lat' dir='ltr'><strong>traxit</strong></span> 
     </span>
     <span class='ocr_line' id='line_1_17' title="bbox 272 2198 1319 2288; baseline -0.001 -23"><span class='ocrx_word' id='word_1_112' title='bbox 272 2223 333 2287; x_wconf 84' lang='lat' dir='ltr'><strong>per</strong></span> <span class='ocrx_word' id='word_1_113' title='bbox 347 2200 459 2267; x_wconf 88' lang='lat' dir='ltr'><strong>solum</strong></span> <span class='ocrx_word' id='word_1_114' title='bbox 475 2201 677 2288; x_wconf 84' lang='lat' dir='ltr'><strong>lapidesque</strong></span> <span class='ocrx_word' id='word_1_115' title='bbox 694 2205 866 2287; x_wconf 88' lang='lat' dir='ltr'><strong>raptatum</strong></span> <span class='ocrx_word' id='word_1_116' title='bbox 882 2222 944 2287; x_wconf 81' lang='lat' dir='ltr'><strong>per</strong></span> <span class='ocrx_word' id='word_1_117' title='bbox 959 2200 1109 2287; x_wconf 89' lang='lat' dir='ltr'><strong>spatium</strong></span> <span class='ocrx_word' id='word_1_118' title='bbox 1136 2199 1254 2265; x_wconf 86' lang='lat' dir='ltr'><strong>leucae</strong></span> <span class='ocrx_word' id='word_1_119' title='bbox 1270 2198 1319 2265; x_wconf 92' lang='lat' dir='ltr'><strong>cir</strong></span> 
     </span>
    </p>
   </div>
   <div class='ocr_carea' id='block_1_3' title="bbox 273 2309 1334 2397">
    <p class='ocr_par' dir='ltr' id='par_1_5' title="bbox 273 2309 1334 2397">
     <span class='ocr_line' id='line_1_18' title="bbox 273 2309 1334 2397; baseline -0.001 -21"><span class='ocrx_word' id='word_1_120' title='bbox 273 2311 357 2378; x_wconf 84' lang='lat' dir='ltr'><strong>citer</strong></span> <span class='ocrx_word' id='word_1_121' title='bbox 373 2311 547 2377; x_wconf 81' lang='lat' dir='ltr'><strong>dimidiae:</strong></span> <span class='ocrx_word' id='word_1_122' title='bbox 562 2334 679 2377; x_wconf 83' lang='lat' dir='ltr'><strong>verum</strong></span> <span class='ocrx_word' id='word_1_123' title='bbox 709 2312 748 2376; x_wconf 91' lang='lat' dir='ltr'><strong>B.</strong></span> <span class='ocrx_word' id='word_1_124' title='bbox 765 2312 811 2377; x_wconf 90' lang='lat' dir='ltr'><strong>M.</strong></span> <span class='ocrx_word' id='word_1_125' title='bbox 830 2310 869 2377; x_wconf 88' lang='lat' dir='ltr'><strong>V.</strong></span> <span class='ocrx_word' id='word_1_126' title='bbox 901 2310 944 2375; x_wconf 93' lang='lat' dir='ltr'><strong>de</strong></span> <span class='ocrx_word' id='word_1_127' title='bbox 967 2310 1172 2397; x_wconf 87' lang='lat' dir='ltr'><strong>Gundalupe</strong></span> <span class='ocrx_word' id='word_1_128' title='bbox 1200 2309 1334 2395; x_wconf 84' lang='lat' dir='ltr'><strong>juvenis</strong></span> 
     </span>
    </p>
   </div>
   <div class='ocr_carea' id='block_1_4' title="bbox 273 2411 1336 2604">
    <p class='ocr_par' dir='ltr' id='par_1_6' title="bbox 273 2411 1336 2604">
     <span class='ocr_line' id='line_1_19' title="bbox 273 2411 1334 2501; baseline -0.001 -23"><span class='ocrx_word' id='word_1_129' title='bbox 273 2412 452 2493; x_wconf 62' lang='lat' dir='ltr'><strong>invocavit</strong></span> <span class='ocrx_word' id='word_1_130' title='bbox 468 2421 581 2501; x_wconf 79' lang='lat' dir='ltr'><strong>atque,</strong></span> <span class='ocrx_word' id='word_1_131' title='bbox 598 2437 687 2501; x_wconf 88' lang='lat' dir='ltr'><strong>equo</strong></span> <span class='ocrx_word' id='word_1_132' title='bbox 702 2415 855 2491; x_wconf 84' lang='lat' dir='ltr'><strong>sistente,</strong></span> <span class='ocrx_word' id='word_1_133' title='bbox 872 2436 979 2479; x_wconf 88' lang='lat' dir='ltr'><strong>sanus</strong></span> <span class='ocrx_word' id='word_1_134' title='bbox 996 2413 1155 2479; x_wconf 85' lang='lat' dir='ltr'><strong>iuventus</strong></span> <span class='ocrx_word' id='word_1_135' title='bbox 1171 2418 1231 2479; x_wconf 87' lang='lat' dir='ltr'><strong>est.</strong></span> <span class='ocrx_word' id='word_1_136' title='bbox 1250 2411 1334 2478; x_wconf 81' lang='lat' dir='ltr'><strong>&#39;Pam</strong></span> 
     </span>
     <span class='ocr_line' id='line_1_20' title="bbox 274 2514 1336 2604; baseline -0.002 -24"><span class='ocrx_word' id='word_1_137' title='bbox 274 2516 429 2582; x_wconf 86' lang='lat' dir='ltr'><strong>mirabile</strong></span> <span class='ocrx_word' id='word_1_138' title='bbox 445 2518 648 2583; x_wconf 84' lang='lat' dir='ltr'><strong>beneficium</strong></span> <span class='ocrx_word' id='word_1_139' title='bbox 671 2517 773 2604; x_wconf 88' lang='lat' dir='ltr'><strong>pictis</strong></span> <span class='ocrx_word' id='word_1_140' title='bbox 789 2517 963 2583; x_wconf 88' lang='lat' dir='ltr'><strong>coloribus</strong></span> <span class='ocrx_word' id='word_1_141' title='bbox 980 2520 1273 2603; x_wconf 86' lang='lat' dir='ltr'><strong>repraesentatum</strong></span> <span class='ocrx_word' id='word_1_142' title='bbox 1302 2514 1336 2578; x_wconf 90' lang='lat' dir='ltr'><strong>in</strong></span> 
     </span>
    </p>
   </div>
   <div class='ocr_carea' id='block_1_5' title="bbox 274 2614 1342 3341">
    <p class='ocr_par' dir='ltr' id='par_1_7' title="bbox 274 2614 1338 2920">
     <span class='ocr_line' id='line_1_21' title="bbox 274 2614 1326 2709; baseline -0.003 -26"><span class='ocrx_word' id='word_1_143' title='bbox 274 2618 417 2707; x_wconf 81' lang='lat' dir='ltr'><strong>Templo</strong></span> <span class='ocrx_word' id='word_1_144' title='bbox 432 2620 691 2709; x_wconf 80' lang='lat' dir='ltr'><strong>Tepeyaquensi</strong></span> <span class='ocrx_word' id='word_1_145' title='bbox 716 2618 896 2685; x_wconf 83' lang='lat' dir='ltr'><strong>videbatur</strong></span> <span class='ocrx_word' id='word_1_146' title='bbox 912 2618 1024 2683; x_wconf 90' lang='lat' dir='ltr'><strong>adhuc</strong></span> <span class='ocrx_word' id='word_1_147' title='bbox 1051 2638 1127 2682; x_wconf 91' lang='lat' dir='ltr'><strong>cum</strong></span> <span class='ocrx_word' id='word_1_148' title='bbox 1143 2616 1282 2703; x_wconf 88' lang='lat' dir='ltr'><strong>scripsit</strong></span> <span class='ocrx_word' id='word_1_149' title='bbox 1298 2614 1326 2679; x_wconf 94' lang='lat' dir='ltr'>P</span> 
     </span>
     <span class='ocr_line' id='line_1_22' title="bbox 275 2718 1338 2811; baseline -0.003 -25"><span class='ocrx_word' id='word_1_150' title='bbox 275 2721 455 2791; x_wconf 88' lang='lat' dir='ltr'><strong>Florencia</strong></span> <span class='ocrx_word' id='word_1_151' title='bbox 480 2746 568 2811; x_wconf 85' lang='lat' dir='ltr'><strong>opus</strong></span> <span class='ocrx_word' id='word_1_152' title='bbox 597 2722 652 2789; x_wconf 89' lang='lat' dir='ltr'><strong>cui</strong></span> <span class='ocrx_word' id='word_1_153' title='bbox 679 2722 810 2801; x_wconf 88' lang='lat' dir='ltr'><strong>titulus,</strong></span> <span class='ocrx_word' id='word_1_154' title='bbox 833 2722 885 2786; x_wconf 91' lang='lat' dir='ltr'><strong>La</strong></span> <span class='ocrx_word' id='word_1_155' title='bbox 904 2720 1056 2787; x_wconf 84' lang='lat' dir='ltr'><strong>Estrella</strong></span> <span class='ocrx_word' id='word_1_156' title='bbox 1085 2718 1141 2784; x_wconf 91' lang='lat' dir='ltr'><strong>del</strong></span> <span class='ocrx_word' id='word_1_157' title='bbox 1167 2718 1278 2785; x_wconf 87' lang='lat' dir='ltr'><strong>Norte</strong></span> <span class='ocrx_word' id='word_1_158' title='bbox 1295 2718 1338 2783; x_wconf 91' lang='lat' dir='ltr'><strong>de</strong></span> 
     </span>
     <span class='ocr_line' id='line_1_23' title="bbox 278 2838 486 2920; baseline -0.005 -17"><span class='ocrx_word' id='word_1_159' title='bbox 278 2838 419 2905; x_wconf 72' lang='lat' dir='ltr'><strong>lidrico</strong></span> <span class='ocrx_word' id='word_1_160' title='bbox 440 2838 486 2920; x_wconf 77' lang='grc'><strong>(2)</strong></span> 
     </span>
    </p>

    <p class='ocr_par' dir='ltr' id='par_1_8' title="bbox 278 2932 1342 3341">
     <span class='ocr_line' id='line_1_24' title="bbox 319 2932 1340 3029; baseline -0.011 -22"><span class='ocrx_word' id='word_1_161' title='bbox 319 2942 426 3029; x_wconf 82' lang='lat' dir='ltr'><strong>Plaga</strong></span> <span class='ocrx_word' id='word_1_162' title='bbox 440 2942 625 3007; x_wconf 83' lang='lat' dir='ltr'><strong>insanabili</strong></span> <span class='ocrx_word' id='word_1_163' title='bbox 654 2940 892 3007; x_wconf 85' lang='lat' dir='ltr'><strong>infirmabatur</strong></span> <span class='ocrx_word' id='word_1_164' title='bbox 909 2938 963 3003; x_wconf 87' lang='lat' dir='ltr'><strong>Fr.</strong></span> <span class='ocrx_word' id='word_1_165' title='bbox 997 2937 1123 3003; x_wconf 88' lang='lat' dir='ltr'><strong>Petrus</strong></span> <span class='ocrx_word' id='word_1_166' title='bbox 1139 2934 1182 2999; x_wconf 90' lang='lat' dir='ltr'><strong>de</strong></span> <span class='ocrx_word' id='word_1_167' title='bbox 1198 2932 1340 2998; x_wconf 85' lang='lat' dir='ltr'><strong>Valder-</strong></span> 
     </span>
     <span class='ocr_line' id='line_1_25' title="bbox 278 3036 1341 3131; baseline -0.011 -20"><span class='ocrx_word' id='word_1_168' title='bbox 278 3068 381 3124; x_wconf 88' lang='lat' dir='ltr'><strong>rama,</strong></span> <span class='ocrx_word' id='word_1_169' title='bbox 398 3068 461 3112; x_wconf 89' lang='lat' dir='ltr'><strong>nec</strong></span> <span class='ocrx_word' id='word_1_170' title='bbox 487 3045 580 3111; x_wconf 88' lang='lat' dir='ltr'><strong>aliud</strong></span> <span class='ocrx_word' id='word_1_171' title='bbox 596 3044 765 3131; x_wconf 83' lang='lat' dir='ltr'><strong>agendum</strong></span> <span class='ocrx_word' id='word_1_172' title='bbox 782 3043 907 3109; x_wconf 87' lang='lat' dir='ltr'><strong>medici</strong></span> <span class='ocrx_word' id='word_1_173' title='bbox 925 3040 1184 3107; x_wconf 85' lang='lat' dir='ltr'><strong>arbitrabantur</strong></span> <span class='ocrx_word' id='word_1_174' title='bbox 1201 3036 1266 3101; x_wconf 90' lang='lat' dir='ltr'><strong>nisi</strong></span> <span class='ocrx_word' id='word_1_175' title='bbox 1282 3058 1341 3122; x_wconf 88' lang='lat' dir='ltr'><strong>pe·</strong></span> 
     </span>
     <span class='ocr_line' id='line_1_26' title="bbox 278 3138 1341 3237; baseline -0.012 -22"><span class='ocrx_word' id='word_1_176' title='bbox 278 3150 355 3217; x_wconf 86' lang='lat' dir='ltr'><strong>dem</strong></span> <span class='ocrx_word' id='word_1_177' title='bbox 371 3151 423 3217; x_wconf 92' lang='lat' dir='ltr'><strong>illi</strong></span> <span class='ocrx_word' id='word_1_178' title='bbox 439 3156 628 3237; x_wconf 87' lang='lat' dir='ltr'><strong>amputare:</strong></span> <span class='ocrx_word' id='word_1_179' title='bbox 642 3148 769 3215; x_wconf 90' lang='lat' dir='ltr'><strong>ductus</strong></span> <span class='ocrx_word' id='word_1_180' title='bbox 786 3151 902 3211; x_wconf 89' lang='lat' dir='ltr'><strong>autem</strong></span> <span class='ocrx_word' id='word_1_181' title='bbox 936 3142 1134 3231; x_wconf 88' lang='lat' dir='ltr'><strong>praedictus</strong></span> <span class='ocrx_word' id='word_1_182' title='bbox 1160 3138 1341 3205; x_wconf 88' lang='lat' dir='ltr'><strong>Valderra-</strong></span> 
     </span>
     <span class='ocr_line' id='line_1_27' title="bbox 280 3240 1342 3341; baseline -0.017 -19"><span class='ocrx_word' id='word_1_183' title='bbox 280 3278 335 3322; x_wconf 92' lang='lat' dir='ltr'><strong>ma</strong></span> <span class='ocrx_word' id='word_1_184' title='bbox 349 3256 386 3321; x_wconf 89' lang='lat' dir='ltr'><strong>in</strong></span> <span class='ocrx_word' id='word_1_185' title='bbox 411 3253 592 3341; x_wconf 83' lang='lat' dir='ltr'><strong>Templum</strong></span> <span class='ocrx_word' id='word_1_186' title='bbox 614 3252 894 3338; x_wconf 83' lang='lat' dir='ltr'><strong>Tepeyaquense‚</strong></span> <span class='ocrx_word' id='word_1_187' title='bbox 927 3248 1113 3335; x_wconf 88' lang='lat' dir='ltr'><strong>Deiparam</strong></span> <span class='ocrx_word' id='word_1_188' title='bbox 1137 3266 1251 3311; x_wconf 89' lang='lat' dir='ltr'><strong>coram</strong></span> <span class='ocrx_word' id='word_1_189' title='bbox 1267 3240 1342 3327; x_wconf 87' lang='lat' dir='ltr'><strong>ejus</strong></span> 
     </span>
    </p>
   </div>
   <div class='ocr_carea' id='block_1_6' title="bbox 212 3446 1350 4231">
    <p class='ocr_par' dir='ltr' id='par_1_9' title="bbox 281 3446 1348 4017">
     <span class='ocr_line' id='line_1_28' title="bbox 322 3446 1345 3543; baseline -0.02 -19"><span class='ocrx_word' id='word_1_190' title='bbox 322 3467 366 3543; x_wconf 85' lang='grc' dir='ltr'><strong>(ι)</strong></span> <span class='ocrx_word' id='word_1_191' title='bbox 409 3466 445 3523; x_wconf 92' lang='lat' dir='ltr'><strong>V.</strong></span> <span class='ocrx_word' id='word_1_192' title='bbox 460 3461 586 3538; x_wconf 84' lang='lat' dir='ltr'><strong>antiqua</strong></span> <span class='ocrx_word' id='word_1_193' title='bbox 602 3458 741 3520; x_wconf 84' lang='lat' dir='ltr'><strong>Narratio</strong></span> <span class='ocrx_word' id='word_1_194' title='bbox 757 3451 962 3532; x_wconf 82' lang='lat' dir='ltr'><strong>Apparitionis</strong></span> <span class='ocrx_word' id='word_1_195' title='bbox 979 3453 1132 3511; x_wconf 87' lang='lat' dir='ltr'><strong>mexicane</strong></span> <span class='ocrx_word' id='word_1_196' title='bbox 1147 3446 1264 3525; x_wconf 85' lang='lat' dir='ltr'><strong>scripta,</strong></span> <span class='ocrx_word' id='word_1_197' title='bbox 1282 3456 1345 3505; x_wconf 82' lang='lat' dir='ltr'><strong>eta</strong></span> 
     </span>
     <span class='ocr_line' id='line_1_29' title="bbox 284 3542 1345 3637; baseline -0.02 -13"><span class='ocrx_word' id='word_1_198' title='bbox 284 3566 364 3624; x_wconf 83' lang='lat' dir='ltr'><strong>Lazo</strong></span> <span class='ocrx_word' id='word_1_199' title='bbox 378 3564 417 3623; x_wconf 86' lang='lat' dir='ltr'><strong>de</strong></span> <span class='ocrx_word' id='word_1_200' title='bbox 430 3564 459 3621; x_wconf 88' lang='lat' dir='ltr'><strong>la</strong></span> <span class='ocrx_word' id='word_1_201' title='bbox 473 3564 558 3637; x_wconf 77' lang='lat' dir='ltr'><strong>Vaga</strong></span> <span class='ocrx_word' id='word_1_202' title='bbox 585 3572 643 3636; x_wconf 86' lang='lat' dir='ltr'><strong>typ.</strong></span> <span class='ocrx_word' id='word_1_203' title='bbox 661 3556 752 3629; x_wconf 83' lang='lat' dir='ltr'><strong>edita;</strong></span> <span class='ocrx_word' id='word_1_204' title='bbox 776 3553 828 3615; x_wconf 90' lang='lat' dir='ltr'><strong>ubi</strong></span> <span class='ocrx_word' id='word_1_205' title='bbox 856 3553 1000 3613; x_wconf 85' lang='lat' dir='ltr'><strong>miracula</strong></span> <span class='ocrx_word' id='word_1_206' title='bbox 1028 3542 1345 3614; x_wconf 73' lang='lat' dir='ltr'><strong>narrat—Florencia,</strong></span> 
     </span>
     <span class='ocr_line' id='line_1_30' title="bbox 284 3644 1346 3728; baseline -0.019 -7"><span class='ocrx_word' id='word_1_207' title='bbox 284 3662 409 3721; x_wconf 83' lang='lat' dir='ltr'><strong>Estrella</strong></span> <span class='ocrx_word' id='word_1_208' title='bbox 423 3659 473 3718; x_wconf 87' lang='lat' dir='ltr'><strong>del</strong></span> <span class='ocrx_word' id='word_1_209' title='bbox 490 3659 585 3717; x_wconf 85' lang='lat' dir='ltr'><strong>Norte</strong></span> <span class='ocrx_word' id='word_1_210' title='bbox 599 3656 638 3715; x_wconf 88' lang='lat' dir='ltr'><strong>de</strong></span> <span class='ocrx_word' id='word_1_211' title='bbox 655 3654 788 3724; x_wconf 73' lang='lat' dir='ltr'><strong>araxim,</strong></span> <span class='ocrx_word' id='word_1_212' title='bbox 805 3671 870 3728; x_wconf 88' lang='lat' dir='ltr'><strong>cap.</strong></span> <span class='ocrx_word' id='word_1_213' title='bbox 891 3672 936 3727; x_wconf 84' lang='lat'><strong>19,</strong></span> <span class='ocrx_word' id='word_1_214' title='bbox 949 3650 1030 3709; x_wconf 85' lang='lat' dir='ltr'><strong>mim.</strong></span> <span class='ocrx_word' id='word_1_215' title='bbox 1050 3656 1115 3721; x_wconf 68' lang='lat'><strong>²²7·</strong></span> <span class='ocrx_word' id='word_1_216' title='bbox 1153 3644 1346 3705; x_wconf 86' lang='lat' dir='ltr'><strong>Animadver-</strong></span> 
     </span>
     <span class='ocr_line' id='line_1_31' title="bbox 285 3739 1348 3831; baseline -0.02 -11"><span class='ocrx_word' id='word_1_217' title='bbox 285 3761 418 3831; x_wconf 83' lang='lat' dir='ltr'><strong>tendum,</strong></span> <span class='ocrx_word' id='word_1_218' title='bbox 448 3756 593 3815; x_wconf 85' lang='lat' dir='ltr'><strong>miracnla</strong></span> <span class='ocrx_word' id='word_1_219' title='bbox 610 3756 642 3817; x_wconf 88' lang='lat' dir='ltr'><strong>B.</strong></span> <span class='ocrx_word' id='word_1_220' title='bbox 660 3756 703 3813; x_wconf 83' lang='lat' dir='ltr'><strong>ll.</strong></span> <span class='ocrx_word' id='word_1_221' title='bbox 730 3755 765 3812; x_wconf 90' lang='lat' dir='ltr'><strong>V.</strong></span> <span class='ocrx_word' id='word_1_222' title='bbox 782 3753 821 3811; x_wconf 89' lang='lat' dir='ltr'><strong>de</strong></span> <span class='ocrx_word' id='word_1_223' title='bbox 843 3750 1024 3825; x_wconf 85' lang='lat' dir='ltr'><strong>Guadalupe</strong></span> <span class='ocrx_word' id='word_1_224' title='bbox 1038 3766 1055 3805; x_wconf 84' lang='lat' dir='ltr'><strong>a</strong></span> <span class='ocrx_word' id='word_1_225' title='bbox 1070 3744 1195 3807; x_wconf 86' lang='lat' dir='ltr'><strong>diversis</strong></span> <span class='ocrx_word' id='word_1_226' title='bbox 1221 3739 1348 3803; x_wconf 87' lang='lat' dir='ltr'><strong>auctori-</strong></span> 
     </span>
     <span class='ocr_line' id='line_1_32' title="bbox 283 3847 1347 3924; baseline -0.018 -6"><span class='ocrx_word' id='word_1_227' title='bbox 283 3860 338 3918; x_wconf 88' lang='lat' dir='ltr'><strong>bus</strong></span> <span class='ocrx_word' id='word_1_228' title='bbox 353 3856 473 3924; x_wconf 80' lang='lat' dir='ltr'><strong>narrari;</strong></span> <span class='ocrx_word' id='word_1_229' title='bbox 497 3856 552 3915; x_wconf 88' lang='lat' dir='ltr'><strong>sed</strong></span> <span class='ocrx_word' id='word_1_230' title='bbox 570 3851 722 3914; x_wconf 81' lang='lat' dir='ltr'><strong>brevitatis</strong></span> <span class='ocrx_word' id='word_1_231' title='bbox 747 3868 836 3910; x_wconf 82' lang='lat' dir='ltr'><strong>causa</strong></span> <span class='ocrx_word' id='word_1_232' title='bbox 859 3860 1015 3908; x_wconf 81' lang='lat' dir='ltr'><strong>unumaut</strong></span> <span class='ocrx_word' id='word_1_233' title='bbox 1043 3847 1169 3905; x_wconf 85' lang='lat' dir='ltr'><strong>alterum</strong></span> <span class='ocrx_word' id='word_1_234' title='bbox 1194 3854 1347 3902; x_wconf 81' lang='lat' dir='ltr'><strong>auctorem</strong></span> 
     </span>
     <span class='ocr_line' id='line_1_33' title="bbox 281 3955 520 4017; baseline -0.013 -1"><span class='ocrx_word' id='word_1_235' title='bbox 281 3957 371 4017; x_wconf 82' lang='lat' dir='ltr'><strong>citare</strong></span> <span class='ocrx_word' id='word_1_236' title='bbox 386 3955 520 4015; x_wconf 70' lang='lat' dir='ltr'><strong>sufficiat</strong></span> 
     </span>
    </p>

    <p class='ocr_par' dir='ltr' id='par_1_10' title="bbox 212 4038 1350 4231">
     <span class='ocr_line' id='line_1_34' title="bbox 324 4038 1350 4135; baseline -0.015 -22"><span class='ocrx_word' id='word_1_237' title='bbox 324 4055 369 4135; x_wconf 79' lang='lat'><strong>(2)</strong></span> <span class='ocrx_word' id='word_1_238' title='bbox 411 4052 569 4115; x_wconf 84' lang='lat' dir='ltr'><strong>Florencia</strong></span> <span class='ocrx_word' id='word_1_239' title='bbox 584 4052 623 4112; x_wconf 91' lang='lat' dir='ltr'><strong>ib.</strong></span> <span class='ocrx_word' id='word_1_240' title='bbox 640 4052 722 4110; x_wconf 81' lang='lat' dir='ltr'><strong>mim.</strong></span> <span class='ocrx_word' id='word_1_241' title='bbox 744 4069 801 4125; x_wconf 83' lang='lat'><strong>232</strong></span> <span class='ocrx_word' id='word_1_242' title='bbox 818 4060 848 4108; x_wconf 88' lang='lat' dir='ltr'><strong>et</strong></span> <span class='ocrx_word' id='word_1_243' title='bbox 864 4066 931 4124; x_wconf 83' lang='lat'>²33·</span> <span class='ocrx_word' id='word_1_244' title='bbox 962 4048 996 4103; x_wconf 93' lang='lat' dir='ltr'><strong>V.</strong></span> <span class='ocrx_word' id='word_1_245' title='bbox 1014 4042 1105 4105; x_wconf 86' lang='lat' dir='ltr'><strong>etiam</strong></span> <span class='ocrx_word' id='word_1_246' title='bbox 1129 4038 1267 4101; x_wconf 84' lang='lat' dir='ltr'><strong>Narratio</strong></span> <span class='ocrx_word' id='word_1_247' title='bbox 1283 4041 1350 4099; x_wconf 87' lang='lat' dir='ltr'><strong>Me·</strong></span> 
     </span>
     <span class='ocr_line' id='line_1_35' title="bbox 212 4138 1065 4231; baseline -0.012 -17"><span class='ocrx_word' id='word_1_248' title='bbox 212 4138 216 4145; x_wconf 38' lang='lat'><strong><em>¹</em></strong></span> <span class='ocrx_word' id='word_1_249' title='bbox 285 4154 390 4215; x_wconf 85' lang='lat' dir='ltr'><strong>xicana</strong></span> <span class='ocrx_word' id='word_1_250' title='bbox 401 4150 605 4231; x_wconf 78' lang='lat' dir='ltr'><strong>Apparirionis</strong></span> <span class='ocrx_word' id='word_1_251' title='bbox 616 4170 704 4228; x_wconf 86' lang='lat' dir='ltr'><strong>supra</strong></span> <span class='ocrx_word' id='word_1_252' title='bbox 718 4149 769 4210; x_wconf 89' lang='lat' dir='ltr'><strong>cit.</strong></span> <span class='ocrx_word' id='word_1_253' title='bbox 787 4146 837 4209; x_wconf 81' lang='lat' dir='ltr'><strong>ubi</strong></span> <span class='ocrx_word' id='word_1_254' title='bbox 852 4148 891 4207; x_wconf 82' lang='lat' dir='ltr'><strong>de</strong></span> <span class='ocrx_word' id='word_1_255' title='bbox 906 4140 1065 4205; x_wconf 85' lang='lat' dir='ltr'><strong>miraculis.</strong></span> 
     </span>
    </p>
   </div>
   <div class='ocr_carea' id='block_1_7' title="bbox 1222 4236 1264 4303">
    <p class='ocr_par' dir='ltr' id='par_1_11' title="bbox 1222 4236 1264 4303">
     <span class='ocr_line' id='line_1_36' title="bbox 1222 4236 1264 4303; baseline 0.048 -2"><span class='ocrx_word' id='word_1_256' title='bbox 1222 4236 1264 4303; x_wconf 81' lang='lat'><strong>18</strong></span> 
     </span>
    </p>
   </div>
   <div class='ocr_carea' id='block_1_8' title="bbox 0 0 1852 5217">
    <p class='ocr_par' dir='ltr' id='par_1_12' title="bbox 0 0 1852 5217">
     <span class='ocr_line' id='line_1_37' title="bbox 0 0 1852 5217; baseline 0 0"><span class='ocrx_word' id='word_1_257' title='bbox 0 0 1852 5217; x_wconf 95' lang='lat' dir='ltr'><strong> </strong></span> 
     </span>
    </p>
   </div>
  </div>
 </body>
</html>
