3625 5217
342 862 427 931 1660
440 862 495 930 vel
510 864 561 945 61,
577 864 723 935 Romam
735 871 857 959 majori
872 875 1010 946 illorum
1027 886 1124 969 parte
1140 884 1352 971 adveniente,
1368 890 1405 962 in

341 965 419 1052 ipsa
432 965 523 1031 alma
536 965 622 1034 urba
637 967 763 1037 festum
789 975 828 1040 Β.
847 976 890 1042 Μ.
907 978 947 1048 V.
963 978 1006 1047 de
1033 981 1237 1073 Guadalupe
1254 974 1404 1061 celebra·

263 1106 268 1113 ·
340 1068 433 1136 bant
465 1070 523 1135 Ita
537 1076 708 1139 testantur
723 1076 836 1145 adbuc
851 1080 1122 1153 viventestestes
1138 1090 1274 1157 oculati.
1352 1073 1358 1082 ⁴

381 1174 424 1239 In
439 1173 577 1240 civitate
592 1174 885 1269 Arcbiepisoopali
916 1184 1033 1253 Sancti
1050 1185 1234 1271 Francisci,
1251 1191 1287 1259 in
1302 1216 1405 1283 supe·

339 1275 423 1343 riori
437 1276 634 1359 Cubiorum,
661 1302 756 1379 quoe¹
774 1285 878 1352 modo
892 1287 1162 1375 septentrionali
1177 1292 1403 1382 Reipublicae

338 1380 560 1447 Americanae
576 1404 707 1449 annexa
721 1391 784 1465 eat,
807 1387 988 1477 'I'amplum
1004 1396 1058 1459 est
1069 1400 1220 1463 erectum
1236 1398 1272 1465 in
1287 1399 1401 1469 bono-

337 1504 409 1549 rem
424 1482 464 1549 B.
481 1484 528 1549 M.
544 1484 583 1551 V.
601 1486 644 1553 de
671 1487 887 1577 Guadalupe;
917 1492 1060 1579 ejusque
1076 1496 1190 1567 cultus
1212 1499 1248 1566 in
1278 1503 1399 1572 eodem

338 1587 467 1673 templo
482 1588 682 1672 magnificus
696 1597 757 1659 est
783 1595 833 1677 (1)

379 1688 476 1757 Haeo
490 1692 605 1757 omnia
618 1692 694 1759 fieri
709 1718 778 1762 non
806 1704 948 1784 possent
963 1698 1037 1766 aine
1067 1700 1250 1772 Pastorum
1277 1728 1401 1797 appro-

335 1798 482 1868 batione.
524 1802 668 1871 Constat
696 1829 778 1895 ergo
804 1814 998 1877 exterorum
1014 1810 1276 1899 Episcopornm,
1293 1818 1398 1901 atqua

336 1903 439 1969 etiam
455 1912 589 1973 constat
610 1908 742 1975 Summi
756 1910 935 1979 Pontificio
951 1914 1165 2001 approbatio,
1182 1921 1221 1983 ut
1237 1922 1333 2003 patet
1360 1940 1400 1987 ex

336 2006 552 2081 concessione
567 2010 641 2085 Smi
655 2012 711 2083 Pii
725 2012 808 2102 Pap.
826 2015 887 2095 VI,
904 2020 940 2083 et
955 2038 996 2083 ex
1012 2016 1098 2085 aliie.

545 2326 829 2397 SOLVUNTUR
854 2326 1182 2397 OBJEGTIONES.

380 2498 467 2582 Quae
480 2506 551 2567 runt
578 2500 730 2566 1ευὶεείΜὶ
743 2499 890 2566 momenti
903 2499 1097 2565 omittuntur.
1151 2488 1160 2498 ’

374 2609 450 2696 obj.
478 2609 789 2677 1.·-Desideratur
814 2608 995 2695 inquisitio
1010 2604 1164 2694 juridica,
1187 2630 1266 2695 qua,
1283 2610 1313 2678 si
1328 2612 1399 2702 Ap-

331 2711 459 2801 paritio
473 2711 752 2799 Guadalupensia
766 2734 847 2777 vera
861 2709 994 2791 fuisset,
1010 2710 1086 2796 ejus
1101 2709 1281 2778 veritatem
1308 2734 1398 2779 com-

331 2816 513 2910 probasset
527 2815 645 2883 Rmus.
668 2814 884 2902 Zumarraga

373 2920 578 3006 Resp—De
608 2916 770 3003 eoquod
799 2915 999 3003 hujusmodi
1026 2914 1207 3003 inquisitio
1232 2916 1398 3003 extiterit,

330 3024 417 3089 baec
427 3022 553 3089 notitia
563 3021 720 3099 babetur,
733 3020 875 3099 scilicet,
887 3020 981 3106 quod
991 3020 1181 3107 Presbyter
1192 3020 1234 3087 D.
1245 3020 1397 3092 Michael

330 3126 493 3205 Sanohez,
509 3125 652 3213 juridice
669 3124 899 3211 interrogatus
911 3146 1000 3189 anno
1012 3124 1107 3204 1666,
1124 3128 1159 3191 et
1171 3130 1274 3211 prout
1288 3126 1331 3193 ‹le
1346 3128 1397 3215 ju·

330 3260 368 3305 re
383 3238 594 3324 respondens
608 3236 652 3303 de
667 3235 738 3301 illis
751 3256 840 3321 quaa
856 3233 962 3301 sciret
977 3234 1020 3301 de
1049 3233 1288 3325 apparitione,
1301 3262 1398 3319 ,assa-

330 3340 401 3407 ruit
415 3340 505 3407 inter
520 3340 597 3418 alia,
613 3339 706 3425 quod
720 3336 930 3423 Presbytero
941 3337 983 3403 D.
1000 3338 1245 3406 Bartolomaao
1261 3340 1396 3423 Garoia,

330 3446 392 3532 qui
420 3444 556 3531 Templi
585 3439 867 3529 Tepeyaquensia
896 3462 1014 3507 curam
1040 3437 1218 3521 babuerat,
1244 3446 1397 3512 narravit

330 3547 372 3613 D.
396 3548 596 3635 Alpbonsus
625 3548 752 3612 Marion
777 3544 821 3611 da
847 3546 883 3611 la
911 3546 1029 3625 Terra,
1057 3544 1119 3631 qui
1151 3545 1395 3633 Metropolita-

330 3673 394 3718 nae
410 3650 584 3718 Mexiceae
599 3648 773 3715 Ecclesiae
787 3650 950 3716 Decanus
976 3648 1054 3727 fuit,
1070 3670 1107 3715 se
1136 3648 1251 3736 ipsum
1267 3650 1396 3719 vidisse

329 3757 540 3845 praedictam
553 3753 809 3839 inquisitionem
820 3752 1002 3838 juridicam
1015 3752 1186 3839 legentem
1198 3752 1324 3820 Rmum
1339 3754 1397 3820 Fr.

329 3858 456 3927 (larcia
470 3858 513 3925 de
525 3857 702 3936 Mendoza,
718 3856 778 3943 qui
800 3856 1092 3944 archiepiscopus
1107 3855 1308 3926 Maxioanua
1332 3856 1399 3925 luit

330 3962 374 4030 ab
389 3984 478 4029 anno
493 3962 577 4028 1602
592 3982 702 4046 neque
717 3960 762 4026 ad
777 3982 904 4025 annum
920 3960 1013 4027 1606.
1040 3960 1088 4043 (2)

371 4155 382 4232 (
388 4155 415 4230 1)
458 4156 506 4214 lta
519 4164 670 4212 narratum
698 4162 743 4212 est
764 4148 795 4209 in
820 4149 1023 4227 ephemeride·
1036 4149 1114 4212 illius
1125 4150 1261 4221 civitatis
1277 4150 1325 4211 cui
1342 4168 1398 4212 no·

329 4274 400 4315 men
424 4253 650 4331 hachriblr'ca.

368 4354 414 4432 (2)
454 4357 489 4415 V.
507 4371 624 4413 summa
638 4367 796 4431 processus
809 4350 892 4428 apud
912 4346 1075 4423 Floreocie,
1089 4349 1217 4422 Eutrella
1229 4350 1279 4421 del
1296 4351 1398 4421 llorte

327 4457 367 4519 de
382 4454 511 4531 beico,
525 4476 593 4539 cap,
611 4476 656 4542 13,
670 4460 692 4536 ᾖ.
709 4478 738 4542 3,
752 4455 836 4527 num·
859 4478 925 4545 ¹²3:
