<?xml version="1.0" encoding="UTF-8"?>
<!DOCTYPE html PUBLIC "-//W3C//DTD XHTML 1.0 Transitional//EN"
    "http://www.w3.org/TR/xhtml1/DTD/xhtml1-transitional.dtd">
<html xmlns="http://www.w3.org/1999/xhtml" xml:lang="en" lang="en">
 <head>
  <title>
</title>
<meta http-equiv="Content-Type" content="text/html;charset=utf-8" />
  <meta name='ocr-system' content='tesseract 3.04.00' />
  <meta name='ocr-capabilities' content='ocr_page ocr_carea ocr_par ocr_line ocrx_word'/>
</head>
<body>
  <div class='ocr_page' id='page_1' title='image "./dissertatiohist00rosagoog_0261.png"; bbox 0 0 3625 5217; ppageno 0'>
   <div class='ocr_carea' id='block_1_1' title="bbox 778 648 844 717">
    <p class='ocr_par' dir='ltr' id='par_1_1' title="bbox 778 648 844 717">
     <span class='ocr_line' id='line_1_1' title="bbox 778 648 844 717; baseline 0.015 -1"><span class='ocrx_word' id='word_1_1' title='bbox 778 648 844 717; x_wconf 69' lang='lat'>257</span> 
     </span>
    </p>
   </div>
   <div class='ocr_carea' id='block_1_2' title="bbox 278 815 1350 1325">
    <p class='ocr_par' dir='ltr' id='par_1_2' title="bbox 278 815 1350 1325">
     <span class='ocr_line' id='line_1_2' title="bbox 280 815 1349 913; baseline 0.001 -25"><span class='ocrx_word' id='word_1_2' title='bbox 280 815 459 913; x_wconf 75' lang='lat' dir='ltr'>Templum</span> <span class='ocrx_word' id='word_1_3' title='bbox 473 823 513 888; x_wconf 99' lang='grc' dir='ltr'>Β.</span> <span class='ocrx_word' id='word_1_4' title='bbox 528 822 574 889; x_wconf 88' lang='grc' dir='ltr'>Μ.</span> <span class='ocrx_word' id='word_1_5' title='bbox 589 821 628 890; x_wconf 89' lang='lat' dir='ltr'>V.</span> <span class='ocrx_word' id='word_1_6' title='bbox 655 821 698 887; x_wconf 90' lang='lat' dir='ltr'>de</span> <span class='ocrx_word' id='word_1_7' title='bbox 710 820 916 907; x_wconf 86' lang='lat' dir='ltr'>Guadalupe</span> <span class='ocrx_word' id='word_1_8' title='bbox 930 823 962 887; x_wconf 88' lang='lat' dir='ltr'>in</span> <span class='ocrx_word' id='word_1_9' title='bbox 976 820 1177 909; x_wconf 83' lang='lat' dir='ltr'>Episcopali</span> <span class='ocrx_word' id='word_1_10' title='bbox 1191 820 1349 889; x_wconf 87' lang='lat' dir='ltr'>Michua·</span> 
     </span>
     <span class='ocr_line' id='line_1_3' title="bbox 278 920 1301 1007; baseline -0.004 -15"><span class='ocrx_word' id='word_1_11' title='bbox 278 925 415 992; x_wconf 80' lang='lat' dir='ltr'>cunensi</span> <span class='ocrx_word' id='word_1_12' title='bbox 430 924 567 991; x_wconf 86' lang='lat' dir='ltr'>civitate</span> <span class='ocrx_word' id='word_1_13' title='bbox 583 924 747 999; x_wconf 75' lang='lat' dir='ltr'>existens,</span> <span class='ocrx_word' id='word_1_14' title='bbox 758 921 826 987; x_wconf 84' lang='lat' dir='ltr'>sibi</span> <span class='ocrx_word' id='word_1_15' title='bbox 856 920 1010 987; x_wconf 77' lang='lat' dir='ltr'>instituit</span> <span class='ocrx_word' id='word_1_16' title='bbox 1027 920 1211 987; x_wconf 81' lang='lat' dir='ltr'>haeredem</span> <span class='ocrx_word' id='word_1_17' title='bbox 1255 924 1301 1007; x_wconf 84' lang='lat'>(1)</span> 
     </span>
     <span class='ocr_line' id='line_1_4' title="bbox 319 1026 1340 1113; baseline -0.002 -18"><span class='ocrx_word' id='word_1_18' title='bbox 319 1030 375 1096; x_wconf 83' lang='lat' dir='ltr'>Ah</span> <span class='ocrx_word' id='word_1_19' title='bbox 404 1028 595 1095; x_wconf 71' lang='lat' dir='ltr'>aunol&#39;102</span> <span class='ocrx_word' id='word_1_20' title='bbox 619 1050 730 1113; x_wconf 87' lang='lat' dir='ltr'>usque</span> <span class='ocrx_word' id='word_1_21' title='bbox 757 1026 801 1091; x_wconf 84' lang='lat' dir='ltr'>ad</span> <span class='ocrx_word' id='word_1_22' title='bbox 831 1048 958 1091; x_wconf 89' lang='lat' dir='ltr'>annum</span> <span class='ocrx_word' id='word_1_23' title='bbox 975 1027 1059 1093; x_wconf 74' lang='lat'>1723</span> <span class='ocrx_word' id='word_1_24' title='bbox 1089 1026 1340 1113; x_wconf 83' lang='lat' dir='ltr'>Episcopatum</span> 
     </span>
     <span class='ocr_line' id='line_1_5' title="bbox 279 1130 1344 1219; baseline -0.005 -18"><span class='ocrx_word' id='word_1_25' title='bbox 279 1133 504 1219; x_wconf 72' lang='lat' dir='ltr'>Ossaquense</span> <span class='ocrx_word' id='word_1_26' title='bbox 519 1130 671 1198; x_wconf 83' lang='lat' dir='ltr'>obtinuit</span> <span class='ocrx_word' id='word_1_27' title='bbox 685 1132 794 1197; x_wconf 84' lang='lat' dir='ltr'>Rmus</span> <span class='ocrx_word' id='word_1_28' title='bbox 809 1130 851 1195; x_wconf 92' lang='lat' dir='ltr'>D.</span> <span class='ocrx_word' id='word_1_29' title='bbox 866 1130 921 1193; x_wconf 87' lang='lat' dir='ltr'>Fr.</span> <span class='ocrx_word' id='word_1_30' title='bbox 940 1130 1093 1217; x_wconf 81' lang='lat' dir='ltr'>Angelus</span> <span class='ocrx_word' id='word_1_31' title='bbox 1127 1130 1344 1210; x_wconf 85' lang='lat' dir='ltr'>Maldonado,</span> 
     </span>
     <span class='ocr_line' id='line_1_6' title="bbox 280 1234 1350 1325; baseline -0.002 -22"><span class='ocrx_word' id='word_1_32' title='bbox 280 1237 340 1325; x_wconf 93' lang='lat' dir='ltr'>qui</span> <span class='ocrx_word' id='word_1_33' title='bbox 354 1236 464 1304; x_wconf 81' lang='lat' dir='ltr'>erexit</span> <span class='ocrx_word' id='word_1_34' title='bbox 475 1236 715 1303; x_wconf 88' lang='lat' dir='ltr'>Sanctuarium</span> <span class='ocrx_word' id='word_1_35' title='bbox 726 1237 765 1301; x_wconf 93' lang='grc' dir='ltr'>Β.</span> <span class='ocrx_word' id='word_1_36' title='bbox 781 1235 822 1299; x_wconf 91' lang='grc' dir='ltr'>Μ.</span> <span class='ocrx_word' id='word_1_37' title='bbox 839 1234 877 1299; x_wconf 91' lang='lat' dir='ltr'>V.</span> <span class='ocrx_word' id='word_1_38' title='bbox 890 1234 933 1300; x_wconf 87' lang='lat' dir='ltr'>de</span> <span class='ocrx_word' id='word_1_39' title='bbox 947 1234 1160 1321; x_wconf 85' lang='lat' dir='ltr'>Gusdalupe.</span> <span class='ocrx_word' id='word_1_40' title='bbox 1175 1236 1220 1319; x_wconf 83' lang='grc'>(2)</span> <span class='ocrx_word' id='word_1_41' title='bbox 1235 1236 1350 1301; x_wconf 87' lang='lat' dir='ltr'>Anne·</span> 
     </span>
    </p>
   </div>
   <div class='ocr_carea' id='block_1_3' title="bbox 279 1339 1347 1526">
    <p class='ocr_par' dir='ltr' id='par_1_3' title="bbox 279 1339 1347 1526">
     <span class='ocr_line' id='line_1_7' title="bbox 279 1339 947 1423; baseline -0.004 -15"><span class='ocrx_word' id='word_1_42' title='bbox 279 1363 359 1408; x_wconf 86' lang='lat' dir='ltr'>xum</span> <span class='ocrx_word' id='word_1_43' title='bbox 374 1340 441 1407; x_wconf 85' lang='lat' dir='ltr'>luit</span> <span class='ocrx_word' id='word_1_44' title='bbox 461 1339 638 1405; x_wconf 79' lang='lat' dir='ltr'>Ecclesiae</span> <span class='ocrx_word' id='word_1_45' title='bbox 663 1340 872 1406; x_wconf 74' lang='lat' dir='ltr'>cathedrali.</span> <span class='ocrx_word' id='word_1_46' title='bbox 900 1341 947 1423; x_wconf 85' lang='lat'>(3)</span> 
     </span>
     <span class='ocr_line' id='line_1_8' title="bbox 321 1438 1347 1526; baseline -0.003 -19"><span class='ocrx_word' id='word_1_47' title='bbox 321 1442 422 1507; x_wconf 79' lang='lat' dir='ltr'>Anno</span> <span class='ocrx_word' id='word_1_48' title='bbox 443 1440 528 1508; x_wconf 78' lang='lat'>1707</span> <span class='ocrx_word' id='word_1_49' title='bbox 544 1438 724 1505; x_wconf 74' lang='lat' dir='ltr'>fundatum</span> <span class='ocrx_word' id='word_1_50' title='bbox 745 1438 811 1505; x_wconf 88' lang='lat' dir='ltr'>luit</span> <span class='ocrx_word' id='word_1_51' title='bbox 833 1462 940 1526; x_wconf 89' lang='lat' dir='ltr'>prope</span> <span class='ocrx_word' id='word_1_52' title='bbox 963 1438 1135 1505; x_wconf 85' lang='lat' dir='ltr'>civitatem</span> <span class='ocrx_word' id='word_1_53' title='bbox 1154 1441 1347 1505; x_wconf 84' lang='lat' dir='ltr'>Zacateoes.</span> 
     </span>
    </p>
   </div>
   <div class='ocr_carea' id='block_1_4' title="bbox 280 1541 1354 3396">
    <p class='ocr_par' dir='ltr' id='par_1_4' title="bbox 280 1541 1351 2049">
     <span class='ocr_line' id='line_1_9' title="bbox 280 1541 1351 1633; baseline -0.002 -22"><span class='ocrx_word' id='word_1_54' title='bbox 280 1543 471 1633; x_wconf 79' lang='lat' dir='ltr'>Collegium</span> <span class='ocrx_word' id='word_1_55' title='bbox 485 1541 722 1631; x_wconf 77' lang='lat' dir='ltr'>Apostolicum</span> <span class='ocrx_word' id='word_1_56' title='bbox 735 1543 777 1607; x_wconf 89' lang='lat' dir='ltr'>de</span> <span class='ocrx_word' id='word_1_57' title='bbox 789 1542 1013 1629; x_wconf 86' lang='lat' dir='ltr'>propaganda</span> <span class='ocrx_word' id='word_1_58' title='bbox 1025 1542 1101 1621; x_wconf 88' lang='lat' dir='ltr'>fide,</span> <span class='ocrx_word' id='word_1_59' title='bbox 1115 1542 1180 1609; x_wconf 88' lang='lat' dir='ltr'>sub</span> <span class='ocrx_word' id='word_1_60' title='bbox 1193 1542 1298 1609; x_wconf 91' lang='lat' dir='ltr'>titulo</span> <span class='ocrx_word' id='word_1_61' title='bbox 1315 1548 1351 1609; x_wconf 86' lang='lat' dir='ltr'>et</span> 
     </span>
     <span class='ocr_line' id='line_1_10' title="bbox 280 1645 1349 1737; baseline -0.001 -21"><span class='ocrx_word' id='word_1_62' title='bbox 280 1649 493 1737; x_wconf 79' lang='lat' dir='ltr'>protectione</span> <span class='ocrx_word' id='word_1_63' title='bbox 508 1650 547 1715; x_wconf 92' lang='grc' dir='ltr'>Β.</span> <span class='ocrx_word' id='word_1_64' title='bbox 577 1651 615 1715; x_wconf 89' lang='lat' dir='ltr'>M</span> <span class='ocrx_word' id='word_1_65' title='bbox 645 1650 679 1715; x_wconf 90' lang='lat' dir='ltr'>V.</span> <span class='ocrx_word' id='word_1_66' title='bbox 697 1649 740 1714; x_wconf 93' lang='lat' dir='ltr'>de</span> <span class='ocrx_word' id='word_1_67' title='bbox 764 1648 980 1733; x_wconf 88' lang='lat' dir='ltr'>Guadalupe,</span> <span class='ocrx_word' id='word_1_68' title='bbox 998 1670 1018 1711; x_wconf 88' lang='lat' dir='ltr'>a</span> <span class='ocrx_word' id='word_1_69' title='bbox 1048 1647 1206 1734; x_wconf 91' lang='lat' dir='ltr'>piissimo</span> <span class='ocrx_word' id='word_1_70' title='bbox 1236 1645 1272 1712; x_wconf 91' lang='lat' dir='ltr'>P.</span> <span class='ocrx_word' id='word_1_71' title='bbox 1293 1646 1349 1715; x_wconf 86' lang='lat' dir='ltr'>Fr.</span> 
     </span>
     <span class='ocr_line' id='line_1_11' title="bbox 280 1748 1349 1843; baseline -0.004 -24"><span class='ocrx_word' id='word_1_72' title='bbox 280 1754 429 1820; x_wconf 73' lang='lat' dir='ltr'>Antonio</span> <span class='ocrx_word' id='word_1_73' title='bbox 444 1754 570 1843; x_wconf 83' lang='lat' dir='ltr'>Margil</span> <span class='ocrx_word' id='word_1_74' title='bbox 584 1756 710 1832; x_wconf 80' lang='lat' dir='ltr'>adasa,</span> <span class='ocrx_word' id='word_1_75' title='bbox 727 1752 869 1819; x_wconf 86' lang='lat' dir='ltr'>Ordinis</span> <span class='ocrx_word' id='word_1_76' title='bbox 884 1752 1004 1819; x_wconf 79' lang='lat' dir='ltr'>Sancti</span> <span class='ocrx_word' id='word_1_77' title='bbox 1020 1751 1207 1817; x_wconf 86' lang='lat' dir='ltr'>Francisoi.</span> <span class='ocrx_word' id='word_1_78' title='bbox 1251 1748 1349 1815; x_wconf 86' lang='lat' dir='ltr'>Huic</span> 
     </span>
     <span class='ocr_line' id='line_1_12' title="bbox 280 1856 1350 1946; baseline -0.002 -23"><span class='ocrx_word' id='word_1_79' title='bbox 280 1858 425 1946; x_wconf 66' lang='lat' dir='ltr'>collegio</span> <span class='ocrx_word' id='word_1_80' title='bbox 441 1882 639 1926; x_wconf 86' lang='lat' dir='ltr'>concessum</span> <span class='ocrx_word' id='word_1_81' title='bbox 657 1858 732 1936; x_wconf 83' lang='lat' dir='ltr'>luit,</span> <span class='ocrx_word' id='word_1_82' title='bbox 749 1858 843 1944; x_wconf 90' lang='lat' dir='ltr'>quod</span> <span class='ocrx_word' id='word_1_83' title='bbox 857 1859 926 1944; x_wconf 83' lang='lat' dir='ltr'>jam</span> <span class='ocrx_word' id='word_1_84' title='bbox 949 1864 1023 1923; x_wconf 86' lang='lat' dir='ltr'>eret</span> <span class='ocrx_word' id='word_1_85' title='bbox 1037 1861 1218 1935; x_wconf 86' lang='lat' dir='ltr'>structum,</span> <span class='ocrx_word' id='word_1_86' title='bbox 1246 1856 1350 1924; x_wconf 84' lang='lat' dir='ltr'>Sace·</span> 
     </span>
     <span class='ocr_line' id='line_1_13' title="bbox 281 1961 1013 2049; baseline -0.005 -20"><span class='ocrx_word' id='word_1_87' title='bbox 281 1963 365 2029; x_wconf 88' lang='lat' dir='ltr'>llum</span> <span class='ocrx_word' id='word_1_88' title='bbox 379 1963 419 2028; x_wconf 93' lang='grc' dir='ltr'>Β.</span> <span class='ocrx_word' id='word_1_89' title='bbox 436 1964 482 2029; x_wconf 88' lang='lat' dir='ltr'>M.</span> <span class='ocrx_word' id='word_1_90' title='bbox 498 1963 653 2049; x_wconf 84' lang='lat' dir='ltr'>Virginis</span> <span class='ocrx_word' id='word_1_91' title='bbox 669 1961 712 2027; x_wconf 90' lang='lat' dir='ltr'>de</span> <span class='ocrx_word' id='word_1_92' title='bbox 727 1961 946 2048; x_wconf 86' lang='lat' dir='ltr'>Guadalupe.</span> <span class='ocrx_word' id='word_1_93' title='bbox 968 1962 1013 2043; x_wconf 84' lang='grc'>(4)</span> 
     </span>
    </p>

    <p class='ocr_par' dir='ltr' id='par_1_5' title="bbox 280 2064 1353 2771">
     <span class='ocr_line' id='line_1_14' title="bbox 322 2064 1348 2149; baseline -0.003 -17"><span class='ocrx_word' id='word_1_94' title='bbox 322 2064 673 2133; x_wconf 72' lang='lat' dir='ltr'>Aun01707.M0xioi</span> <span class='ocrx_word' id='word_1_95' title='bbox 700 2065 789 2129; x_wconf 84' lang='lat' dir='ltr'>obiit</span> <span class='ocrx_word' id='word_1_96' title='bbox 814 2064 949 2130; x_wconf 85' lang='lat' dir='ltr'>Andres</span> <span class='ocrx_word' id='word_1_97' title='bbox 974 2065 1166 2137; x_wconf 77' lang='lat' dir='ltr'>Placeuoiu‚</span> <span class='ocrx_word' id='word_1_98' title='bbox 1200 2064 1262 2149; x_wconf 81' lang='lat' dir='ltr'>qni</span> <span class='ocrx_word' id='word_1_99' title='bbox 1280 2070 1348 2130; x_wconf 87' lang='lat' dir='ltr'>tes-</span> 
     </span>
     <span class='ocr_line' id='line_1_15' title="bbox 280 2152 1353 2255; baseline -0.001 -20"><span class='ocrx_word' id='word_1_100' title='bbox 280 2175 431 2236; x_wconf 86' lang='lat' dir='ltr'>tamento</span> <span class='ocrx_word' id='word_1_101' title='bbox 465 2169 607 2255; x_wconf 90' lang='lat' dir='ltr'>reliquit</span> <span class='ocrx_word' id='word_1_102' title='bbox 626 2174 760 2235; x_wconf 86' lang='lat' dir='ltr'>centum</span> <span class='ocrx_word' id='word_1_103' title='bbox 781 2169 874 2234; x_wconf 90' lang='lat' dir='ltr'>mille</span> <span class='ocrx_word' id='word_1_104' title='bbox 892 2190 1050 2233; x_wconf 86' lang='lat' dir='ltr'>nummos</span> <span class='ocrx_word' id='word_1_105' title='bbox 1066 2172 1248 2253; x_wconf 84' lang='lat' dir='ltr'>argenteos</span> <span class='ocrx_word' id='word_1_106' title='bbox 1264 2152 1353 2234; x_wconf 72' lang='lat' dir='ltr'>‘rien</span> 
     </span>
     <span class='ocr_line' id='line_1_16' title="bbox 280 2270 1349 2360; baseline -0.002 -21"><span class='ocrx_word' id='word_1_107' title='bbox 280 2274 338 2341; x_wconf 92' lang='lat' dir='ltr'>mil</span> <span class='ocrx_word' id='word_1_108' title='bbox 353 2275 479 2360; x_wconf 75' lang='lat' dir='ltr'>penos),</span> <span class='ocrx_word' id='word_1_109' title='bbox 496 2273 558 2359; x_wconf 91' lang='lat' dir='ltr'>qui</span> <span class='ocrx_word' id='word_1_110' title='bbox 588 2273 703 2349; x_wconf 86' lang='lat' dir='ltr'>etiam,</span> <span class='ocrx_word' id='word_1_111' title='bbox 730 2272 760 2337; x_wconf 92' lang='lat' dir='ltr'>si</span> <span class='ocrx_word' id='word_1_112' title='bbox 777 2294 916 2337; x_wconf 87' lang='lat' dir='ltr'>nec-esse</span> <span class='ocrx_word' id='word_1_113' title='bbox 945 2270 1043 2347; x_wconf 85' lang='lat' dir='ltr'>foret,</span> <span class='ocrx_word' id='word_1_114' title='bbox 1069 2276 1213 2357; x_wconf 86' lang='lat' dir='ltr'>possent</span> <span class='ocrx_word' id='word_1_115' title='bbox 1245 2294 1349 2357; x_wconf 86' lang='lat' dir='ltr'>auge·</span> 
     </span>
     <span class='ocr_line' id='line_1_17' title="bbox 280 2373 1352 2455; baseline -0.001 -13"><span class='ocrx_word' id='word_1_116' title='bbox 280 2378 320 2455; x_wconf 85' lang='lat' dir='ltr'>ri,</span> <span class='ocrx_word' id='word_1_117' title='bbox 336 2377 380 2442; x_wconf 76' lang='lat' dir='ltr'>ad</span> <span class='ocrx_word' id='word_1_118' title='bbox 409 2375 615 2442; x_wconf 89' lang='lat' dir='ltr'>erectionem</span> <span class='ocrx_word' id='word_1_119' title='bbox 642 2374 845 2440; x_wconf 86' lang='lat' dir='ltr'>Monasterii</span> <span class='ocrx_word' id='word_1_120' title='bbox 872 2374 1077 2439; x_wconf 88' lang='lat' dir='ltr'>Monialium</span> <span class='ocrx_word' id='word_1_121' title='bbox 1092 2373 1234 2441; x_wconf 88' lang='lat' dir='ltr'>Ordinis</span> <span class='ocrx_word' id='word_1_122' title='bbox 1247 2374 1352 2441; x_wconf 83' lang='lat' dir='ltr'>Sanc·</span> 
     </span>
     <span class='ocr_line' id='line_1_18' title="bbox 281 2472 1352 2567; baseline -0.001 -21"><span class='ocrx_word' id='word_1_123' title='bbox 281 2472 307 2546; x_wconf 77' lang='lat' dir='ltr'>ti</span> <span class='ocrx_word' id='word_1_124' title='bbox 322 2480 515 2567; x_wconf 83' lang='lat' dir='ltr'>Augustini,</span> <span class='ocrx_word' id='word_1_125' title='bbox 532 2486 567 2545; x_wconf 84' lang='lat' dir='ltr'>et</span> <span class='ocrx_word' id='word_1_126' title='bbox 595 2486 767 2565; x_wconf 78' lang='lat' dir='ltr'>quatenos</span> <span class='ocrx_word' id='word_1_127' title='bbox 798 2480 864 2543; x_wconf 91' lang='lat' dir='ltr'>hoc</span> <span class='ocrx_word' id='word_1_128' title='bbox 890 2478 1140 2544; x_wconf 86' lang='lat' dir='ltr'>Monasterium</span> <span class='ocrx_word' id='word_1_129' title='bbox 1168 2478 1256 2565; x_wconf 85' lang='lat' dir='ltr'>erigi</span> <span class='ocrx_word' id='word_1_130' title='bbox 1283 2502 1352 2545; x_wconf 90' lang='lat' dir='ltr'>non</span> 
     </span>
     <span class='ocr_line' id='line_1_19' title="bbox 280 2580 1352 2670; baseline 0.002 -23"><span class='ocrx_word' id='word_1_131' title='bbox 280 2587 406 2669; x_wconf 86' lang='lat' dir='ltr'>posset,</span> <span class='ocrx_word' id='word_1_132' title='bbox 423 2580 467 2645; x_wconf 86' lang='lat' dir='ltr'>ad</span> <span class='ocrx_word' id='word_1_133' title='bbox 493 2580 687 2667; x_wconf 82' lang='lat' dir='ltr'>erigendam</span> <span class='ocrx_word' id='word_1_134' title='bbox 706 2581 905 2668; x_wconf 77' lang='lat' dir='ltr'>Tepeyaeac</span> <span class='ocrx_word' id='word_1_135' title='bbox 921 2582 1111 2646; x_wconf 86' lang='lat' dir='ltr'>Ecclesiam</span> <span class='ocrx_word' id='word_1_136' title='bbox 1126 2582 1352 2670; x_wconf 84' lang='lat' dir='ltr'>Collegiatam</span> 
     </span>
     <span class='ocr_line' id='line_1_20' title="bbox 280 2683 1028 2771; baseline 0 -22"><span class='ocrx_word' id='word_1_137' title='bbox 280 2683 495 2750; x_wconf 86' lang='lat' dir='ltr'>inhonorem</span> <span class='ocrx_word' id='word_1_138' title='bbox 511 2684 551 2749; x_wconf 93' lang='lat' dir='ltr'>B.</span> <span class='ocrx_word' id='word_1_139' title='bbox 567 2684 613 2749; x_wconf 89' lang='grc' dir='ltr'>Μ.</span> <span class='ocrx_word' id='word_1_140' title='bbox 630 2683 670 2749; x_wconf 89' lang='lat' dir='ltr'>V.</span> <span class='ocrx_word' id='word_1_141' title='bbox 684 2685 727 2749; x_wconf 89' lang='lat' dir='ltr'>de</span> <span class='ocrx_word' id='word_1_142' title='bbox 744 2684 960 2771; x_wconf 85' lang='lat' dir='ltr'>Guadalupe.</span> <span class='ocrx_word' id='word_1_143' title='bbox 983 2695 990 2763; x_wconf 80' lang='grc'><strong>(</strong></span> <span class='ocrx_word' id='word_1_144' title='bbox 995 2688 1028 2763; x_wconf 88' lang='grc'>5)</span> 
     </span>
    </p>

    <p class='ocr_par' dir='ltr' id='par_1_6' title="bbox 281 2790 1354 3396">
     <span class='ocr_line' id='line_1_21' title="bbox 322 2790 1353 2877; baseline 0.001 -20"><span class='ocrx_word' id='word_1_145' title='bbox 322 2792 421 2857; x_wconf 82' lang='lat' dir='ltr'>Anno</span> <span class='ocrx_word' id='word_1_146' title='bbox 436 2791 530 2868; x_wconf 79' lang='lat'>1709,</span> <span class='ocrx_word' id='word_1_147' title='bbox 547 2791 841 2877; x_wconf 79' lang='lat' dir='ltr'>Archiepisccpali</span> <span class='ocrx_word' id='word_1_148' title='bbox 853 2790 943 2857; x_wconf 84' lang='lat' dir='ltr'>Sede</span> <span class='ocrx_word' id='word_1_149' title='bbox 961 2795 1111 2867; x_wconf 84' lang='lat' dir='ltr'>vacante,</span> <span class='ocrx_word' id='word_1_150' title='bbox 1130 2797 1270 2877; x_wconf 76' lang='lat' dir='ltr'>percote</span> <span class='ocrx_word' id='word_1_151' title='bbox 1286 2793 1353 2859; x_wconf 84' lang='lat' dir='ltr'>luit</span> 
     </span>
     <span class='ocr_line' id='line_1_22' title="bbox 282 2894 1350 2981; baseline 0.001 -21"><span class='ocrx_word' id='word_1_152' title='bbox 282 2894 453 2960; x_wconf 85' lang='lat' dir='ltr'>dedicatio</span> <span class='ocrx_word' id='word_1_153' title='bbox 468 2896 563 2960; x_wconf 84' lang='lat' dir='ltr'>tertii</span> <span class='ocrx_word' id='word_1_154' title='bbox 588 2894 723 2981; x_wconf 77' lang='lat' dir='ltr'>Templi</span> <span class='ocrx_word' id='word_1_155' title='bbox 754 2896 1036 2981; x_wconf 78' lang='lat' dir='ltr'>Tepeyequensis</span> <span class='ocrx_word' id='word_1_156' title='bbox 1060 2894 1096 2957; x_wconf 93' lang='lat' dir='ltr'>in</span> <span class='ocrx_word' id='word_1_157' title='bbox 1127 2895 1293 2961; x_wconf 87' lang='lat' dir='ltr'>honorem</span> <span class='ocrx_word' id='word_1_158' title='bbox 1311 2896 1350 2961; x_wconf 91' lang='grc' dir='ltr'>Β.</span> 
     </span>
     <span class='ocr_line' id='line_1_23' title="bbox 282 2996 1352 3085; baseline 0.002 -22"><span class='ocrx_word' id='word_1_159' title='bbox 282 2998 327 3063; x_wconf 87' lang='grc' dir='ltr'>Μ.</span> <span class='ocrx_word' id='word_1_160' title='bbox 350 2998 390 3063; x_wconf 88' lang='lat' dir='ltr'>V.</span> <span class='ocrx_word' id='word_1_161' title='bbox 408 2998 450 3063; x_wconf 91' lang='lat' dir='ltr'>de</span> <span class='ocrx_word' id='word_1_162' title='bbox 466 2996 680 3084; x_wconf 88' lang='lat' dir='ltr'>Guadelupe.</span> <span class='ocrx_word' id='word_1_163' title='bbox 724 2998 878 3065; x_wconf 85' lang='lat' dir='ltr'>Solemni</span> <span class='ocrx_word' id='word_1_164' title='bbox 901 2999 1121 3085; x_wconf 86' lang='lat' dir='ltr'>processione</span> <span class='ocrx_word' id='word_1_165' title='bbox 1138 2998 1245 3065; x_wconf 81' lang='lat' dir='ltr'>Sacra</span> <span class='ocrx_word' id='word_1_166' title='bbox 1262 3002 1352 3065; x_wconf 87' lang='lat' dir='ltr'>lma·</span> 
     </span>
     <span class='ocr_line' id='line_1_24' title="bbox 281 3100 1354 3191; baseline 0.003 -24"><span class='ocrx_word' id='word_1_167' title='bbox 281 3126 323 3189; x_wconf 86' lang='lat' dir='ltr'>go</span> <span class='ocrx_word' id='word_1_168' title='bbox 338 3102 382 3167; x_wconf 92' lang='lat' dir='ltr'>ad</span> <span class='ocrx_word' id='word_1_169' title='bbox 397 3102 464 3167; x_wconf 91' lang='lat' dir='ltr'>hoc</span> <span class='ocrx_word' id='word_1_170' title='bbox 475 3100 656 3187; x_wconf 87' lang='lat' dir='ltr'>Templum</span> <span class='ocrx_word' id='word_1_171' title='bbox 667 3102 733 3166; x_wconf 83' lang='lat' dir='ltr'>luit</span> <span class='ocrx_word' id='word_1_172' title='bbox 744 3101 869 3179; x_wconf 86' lang='lat' dir='ltr'>delata,</span> <span class='ocrx_word' id='word_1_173' title='bbox 886 3100 943 3167; x_wconf 88' lang='lat' dir='ltr'>die</span> <span class='ocrx_word' id='word_1_174' title='bbox 957 3101 1153 3187; x_wconf 76' lang='lat' dir='ltr'>trigessimo</span> <span class='ocrx_word' id='word_1_175' title='bbox 1165 3103 1307 3191; x_wconf 81' lang='lat' dir='ltr'>Aprilis,</span> <span class='ocrx_word' id='word_1_176' title='bbox 1318 3112 1354 3171; x_wconf 93' lang='lat' dir='ltr'>et</span> 
     </span>
     <span class='ocr_line' id='line_1_25' title="bbox 281 3203 1353 3292; baseline 0.002 -21"><span class='ocrx_word' id='word_1_177' title='bbox 281 3205 497 3273; x_wconf 83' lang='lat' dir='ltr'>inditissimo</span> <span class='ocrx_word' id='word_1_178' title='bbox 523 3203 745 3292; x_wconf 82' lang='lat' dir='ltr'>tabernaculo</span> <span class='ocrx_word' id='word_1_179' title='bbox 767 3204 943 3270; x_wconf 84' lang='lat' dir='ltr'>collocata.</span> <span class='ocrx_word' id='word_1_180' title='bbox 977 3204 1108 3271; x_wconf 81' lang='lat' dir='ltr'>Novem</span> <span class='ocrx_word' id='word_1_181' title='bbox 1123 3206 1258 3273; x_wconf 88' lang='lat' dir='ltr'>dierum</span> <span class='ocrx_word' id='word_1_182' title='bbox 1271 3210 1353 3275; x_wconf 92' lang='lat' dir='ltr'>sub-</span> 
     </span>
     <span class='ocr_line' id='line_1_26' title="bbox 282 3308 1350 3396; baseline 0.005 -21"><span class='ocrx_word' id='word_1_183' title='bbox 282 3314 399 3376; x_wconf 89' lang='lat' dir='ltr'>secuta</span> <span class='ocrx_word' id='word_1_184' title='bbox 412 3310 479 3376; x_wconf 83' lang='lat' dir='ltr'>fuit</span> <span class='ocrx_word' id='word_1_185' title='bbox 493 3308 747 3375; x_wconf 86' lang='lat' dir='ltr'>solemnissima</span> <span class='ocrx_word' id='word_1_186' title='bbox 762 3308 972 3395; x_wconf 81' lang='lat' dir='ltr'>deprecati03</span> <span class='ocrx_word' id='word_1_187' title='bbox 989 3314 1093 3396; x_wconf 86' lang='lat' dir='ltr'>etque</span> <span class='ocrx_word' id='word_1_188' title='bbox 1110 3312 1197 3379; x_wconf 87' lang='lat' dir='ltr'>haec</span> <span class='ocrx_word' id='word_1_189' title='bbox 1227 3336 1350 3380; x_wconf 85' lang='lat' dir='ltr'>novem</span> 
     </span>
    </p>
   </div>
   <div class='ocr_carea' id='block_1_5' title="bbox 281 3482 1353 4269">
    <p class='ocr_par' dir='ltr' id='par_1_7' title="bbox 284 3482 1353 3663">
     <span class='ocr_line' id='line_1_27' title="bbox 323 3482 1353 3562; baseline 0.005 -19"><span class='ocrx_word' id='word_1_190' title='bbox 323 3485 368 3562; x_wconf 84' lang='grc' dir='ltr'>(ι)</span> <span class='ocrx_word' id='word_1_191' title='bbox 413 3482 688 3543; x_wconf 81' lang='lat' dir='ltr'>Eminenrissimus</span> <span class='ocrx_word' id='word_1_192' title='bbox 705 3483 894 3554; x_wconf 71' lang='lat' dir='ltr'>Lemniam,</span> <span class='ocrx_word' id='word_1_193' title='bbox 911 3482 993 3543; x_wconf 86' lang='lat' dir='ltr'>Serie</span> <span class='ocrx_word' id='word_1_194' title='bbox 1009 3484 1046 3543; x_wconf 86' lang='lat' dir='ltr'>de</span> <span class='ocrx_word' id='word_1_195' title='bbox 1062 3485 1108 3543; x_wconf 88' lang='lat' dir='ltr'>los</span> <span class='ocrx_word' id='word_1_196' title='bbox 1136 3486 1241 3545; x_wconf 88' lang='lat' dir='ltr'>llmos.</span> <span class='ocrx_word' id='word_1_197' title='bbox 1265 3487 1353 3548; x_wconf 88' lang='lat' dir='ltr'>Obis.</span> 
     </span>
     <span class='ocr_line' id='line_1_28' title="bbox 284 3582 602 3663; baseline -0.009 -20"><span class='ocrx_word' id='word_1_198' title='bbox 284 3602 338 3663; x_wconf 83' lang='lat' dir='ltr'>pos</span> <span class='ocrx_word' id='word_1_199' title='bbox 352 3585 391 3644; x_wconf 88' lang='lat' dir='ltr'>de</span> <span class='ocrx_word' id='word_1_200' title='bbox 407 3582 602 3643; x_wconf 78' lang='lat' dir='ltr'>Michuacan.</span> 
     </span>
    </p>

    <p class='ocr_par' dir='ltr' id='par_1_8' title="bbox 284 3680 1351 3858">
     <span class='ocr_line' id='line_1_29' title="bbox 323 3680 1351 3759; baseline 0.005 -18"><span class='ocrx_word' id='word_1_201' title='bbox 323 3682 367 3759; x_wconf 67' lang='grc' dir='ltr'>(π)</span> <span class='ocrx_word' id='word_1_202' title='bbox 404 3680 564 3751; x_wconf 83' lang='lat' dir='ltr'>Beristsin,</span> <span class='ocrx_word' id='word_1_203' title='bbox 596 3680 732 3751; x_wconf 75' lang='lat' dir='ltr'>Bibliot,</span> <span class='ocrx_word' id='word_1_204' title='bbox 764 3680 852 3759; x_wconf 85' lang='lat' dir='ltr'>Hisp.</span> <span class='ocrx_word' id='word_1_205' title='bbox 883 3682 1028 3753; x_wconf 72' lang='lat' dir='ltr'>Amoris,</span> <span class='ocrx_word' id='word_1_206' title='bbox 1058 3696 1113 3745; x_wconf 85' lang='lat' dir='ltr'>art.</span> <span class='ocrx_word' id='word_1_207' title='bbox 1156 3686 1351 3746; x_wconf 75' lang='lat' dir='ltr'>Maidonado</span> 
     </span>
     <span class='ocr_line' id='line_1_30' title="bbox 284 3780 622 3858; baseline -0.003 -18"><span class='ocrx_word' id='word_1_208' title='bbox 284 3782 374 3842; x_wconf 89' lang='lat' dir='ltr'>Ilmo.</span> <span class='ocrx_word' id='word_1_209' title='bbox 392 3782 430 3839; x_wconf 87' lang='lat' dir='ltr'>D.</span> <span class='ocrx_word' id='word_1_210' title='bbox 450 3782 498 3841; x_wconf 79' lang='lat' dir='ltr'>Fr.</span> <span class='ocrx_word' id='word_1_211' title='bbox 515 3780 622 3858; x_wconf 75' lang='lat' dir='ltr'>Angel.</span> 
     </span>
    </p>

    <p class='ocr_par' dir='ltr' id='par_1_9' title="bbox 281 3880 1352 4063">
     <span class='ocr_line' id='line_1_31' title="bbox 321 3880 1352 3962; baseline 0.007 -24"><span class='ocrx_word' id='word_1_212' title='bbox 321 3880 365 3955; x_wconf 81' lang='lat'>(3)</span> <span class='ocrx_word' id='word_1_213' title='bbox 408 3882 597 3950; x_wconf 69' lang='lat' dir='ltr'>Lemnum,</span> <span class='ocrx_word' id='word_1_214' title='bbox 613 3880 696 3940; x_wconf 89' lang='lat' dir='ltr'>Serie</span> <span class='ocrx_word' id='word_1_215' title='bbox 712 3881 750 3941; x_wconf 87' lang='lat' dir='ltr'>de</span> <span class='ocrx_word' id='word_1_216' title='bbox 765 3881 810 3939; x_wconf 88' lang='lat' dir='ltr'>los</span> <span class='ocrx_word' id='word_1_217' title='bbox 828 3881 934 3940; x_wconf 83' lang='lat' dir='ltr'>Ilmos.</span> <span class='ocrx_word' id='word_1_218' title='bbox 961 3884 1091 3943; x_wconf 80' lang='lat' dir='ltr'>Senores</span> <span class='ocrx_word' id='word_1_219' title='bbox 1117 3883 1252 3962; x_wconf 86' lang='lat' dir='ltr'>Obispos</span> <span class='ocrx_word' id='word_1_220' title='bbox 1268 3885 1306 3945; x_wconf 91' lang='lat' dir='ltr'>de</span> <span class='ocrx_word' id='word_1_221' title='bbox 1322 3886 1352 3945; x_wconf 75' lang='lat' dir='ltr'>la</span> 
     </span>
     <span class='ocr_line' id='line_1_32' title="bbox 281 3984 766 4063; baseline -0.004 -17"><span class='ocrx_word' id='word_1_222' title='bbox 281 3987 377 4046; x_wconf 72' lang='lat' dir='ltr'>Scuta</span> <span class='ocrx_word' id='word_1_223' title='bbox 392 3984 506 4063; x_wconf 81' lang='lat' dir='ltr'>Iglesia</span> <span class='ocrx_word' id='word_1_224' title='bbox 521 3986 558 4045; x_wconf 90' lang='lat' dir='ltr'>de</span> <span class='ocrx_word' id='word_1_225' title='bbox 573 3989 766 4063; x_wconf 82' lang='lat' dir='ltr'>Antequera.</span> 
     </span>
    </p>

    <p class='ocr_par' dir='ltr' id='par_1_10' title="bbox 281 4082 1353 4269">
     <span class='ocr_line' id='line_1_33' title="bbox 321 4082 1353 4175; baseline 0.014 -33"><span class='ocrx_word' id='word_1_226' title='bbox 321 4084 366 4159; x_wconf 80' lang='lat'>(4)</span> <span class='ocrx_word' id='word_1_227' title='bbox 404 4082 598 4175; x_wconf 74' lang='lat' dir='ltr'>piccionario</span> <span class='ocrx_word' id='word_1_228' title='bbox 611 4085 768 4145; x_wconf 82' lang='lat' dir='ltr'>Universal</span> <span class='ocrx_word' id='word_1_229' title='bbox 782 4087 821 4146; x_wconf 88' lang='lat' dir='ltr'>de</span> <span class='ocrx_word' id='word_1_230' title='bbox 835 4086 998 4165; x_wconf 83' lang='lat' dir='ltr'>Historiay</span> <span class='ocrx_word' id='word_1_231' title='bbox 1012 4090 1184 4167; x_wconf 83' lang='lat' dir='ltr'>Geografla,</span> <span class='ocrx_word' id='word_1_232' title='bbox 1197 4106 1251 4154; x_wconf 84' lang='lat' dir='ltr'>art.</span> <span class='ocrx_word' id='word_1_233' title='bbox 1271 4096 1353 4155; x_wconf 86' lang='lat' dir='ltr'>“Co-</span> 
     </span>
     <span class='ocr_line' id='line_1_34' title="bbox 281 4183 1351 4269; baseline 0.014 -26"><span class='ocrx_word' id='word_1_234' title='bbox 281 4183 362 4262; x_wconf 80' lang='lat' dir='ltr'>legio</span> <span class='ocrx_word' id='word_1_235' title='bbox 377 4184 553 4261; x_wconf 80' lang='lat' dir='ltr'>Apostolico</span> <span class='ocrx_word' id='word_1_236' title='bbox 567 4187 606 4246; x_wconf 86' lang='lat' dir='ltr'>de</span> <span class='ocrx_word' id='word_1_237' title='bbox 621 4189 704 4247; x_wconf 75' lang='lat' dir='ltr'>Ntra</span> <span class='ocrx_word' id='word_1_238' title='bbox 720 4189 835 4247; x_wconf 68' lang='lat' dir='ltr'>Serota</span> <span class='ocrx_word' id='word_1_239' title='bbox 848 4190 888 4249; x_wconf 87' lang='lat' dir='ltr'>de</span> <span class='ocrx_word' id='word_1_240' title='bbox 902 4192 1082 4269; x_wconf 85' lang='lat' dir='ltr'>Guadalupe</span> <span class='ocrx_word' id='word_1_241' title='bbox 1105 4194 1143 4254; x_wconf 90' lang='lat' dir='ltr'>de</span> <span class='ocrx_word' id='word_1_242' title='bbox 1158 4198 1351 4259; x_wconf 73' lang='lat' dir='ltr'>Zacatecrs.&#39;&#39;</span> 
     </span>
    </p>
   </div>
   <div class='ocr_carea' id='block_1_6' title="bbox 316 4290 1349 4385">
    <p class='ocr_par' dir='ltr' id='par_1_11' title="bbox 316 4290 1349 4385">
     <span class='ocr_line' id='line_1_35' title="bbox 316 4290 1349 4385; baseline 0.007 -31"><span class='ocrx_word' id='word_1_243' title='bbox 316 4290 360 4367; x_wconf 80' lang='lat'>(5)</span> <span class='ocrx_word' id='word_1_244' title='bbox 403 4291 567 4367; x_wconf 64' lang='lat' dir='ltr'>Oruendc,</span> <span class='ocrx_word' id='word_1_245' title='bbox 584 4290 692 4353; x_wconf 85' lang='lat' dir='ltr'>Disert.</span> <span class='ocrx_word' id='word_1_246' title='bbox 712 4292 827 4355; x_wconf 76' lang='lat' dir='ltr'>Hister.</span> <span class='ocrx_word' id='word_1_247' title='bbox 843 4295 934 4364; x_wconf 80' lang='lat' dir='ltr'>sobre</span> <span class='ocrx_word' id='word_1_248' title='bbox 950 4296 977 4365; x_wconf 77' lang='lat' dir='ltr'>la</span> <span class='ocrx_word' id='word_1_249' title='bbox 1003 4297 1169 4377; x_wconf 69' lang='lat' dir='ltr'>Aparicion</span> <span class='ocrx_word' id='word_1_250' title='bbox 1186 4312 1256 4375; x_wconf 66' lang='lat' dir='ltr'>etc„</span> <span class='ocrx_word' id='word_1_251' title='bbox 1275 4312 1349 4385; x_wconf 72' lang='lat' dir='ltr'>tom,</span> 
     </span>
    </p>
   </div>
   <div class='ocr_carea' id='block_1_7' title="bbox 276 4392 655 4490">
    <p class='ocr_par' dir='ltr' id='par_1_12' title="bbox 276 4392 655 4490">
     <span class='ocr_line' id='line_1_36' title="bbox 276 4392 655 4490; baseline 0.003 -37"><span class='ocrx_word' id='word_1_252' title='bbox 276 4406 302 4474; x_wconf 65' lang='lat'>23</span> <span class='ocrx_word' id='word_1_253' title='bbox 318 4406 385 4489; x_wconf 77' lang='lat' dir='ltr'>cap.</span> <span class='ocrx_word' id='word_1_254' title='bbox 405 4392 467 4490; x_wconf 64' lang='grc'>9,(</span> <span class='ocrx_word' id='word_1_255' title='bbox 488 4410 512 4466; x_wconf 87' lang='lat'>1,</span> <span class='ocrx_word' id='word_1_256' title='bbox 528 4410 560 4467; x_wconf 80' lang='lat' dir='ltr'>n.</span> <span class='ocrx_word' id='word_1_257' title='bbox 585 4392 655 4480; x_wconf 80' lang='lat'><strong>669.</strong></span> 
     </span>
    </p>
   </div>
   <div class='ocr_carea' id='block_1_8' title="bbox 0 0 1824 5217">
    <p class='ocr_par' dir='ltr' id='par_1_13' title="bbox 0 0 1824 5217">
     <span class='ocr_line' id='line_1_37' title="bbox 0 0 1824 5217; baseline 0 0"><span class='ocrx_word' id='word_1_258' title='bbox 0 0 1824 5217; x_wconf 95' lang='lat' dir='ltr'> </span> 
     </span>
    </p>
   </div>
  </div>
 </body>
</html>
