3625 5217
990 504 1054 577 218

476 684 703 749 enumeratas:
729 681 779 746 l.o
809 681 923 747 dicere
948 681 1038 747 enim
1054 682 1166 749 solent
1192 677 1428 767 bibliographi
1444 698 1533 764 quaa

471 788 518 855 sit
546 789 689 854 materia
711 786 912 853 concionum
943 787 1081 873 quando
1112 787 1176 853 hae
1206 786 1395 873 separatim
1425 784 1531 853 edun·

470 897 538 969 tar;
559 889 697 977 quando
724 894 838 956 autem
866 890 907 956 de
924 889 1061 956 illarum
1085 890 1345 957 collectionibus
1374 889 1458 955 dant
1473 910 1533 954 no·

472 994 593 1073 titiam,
623 1016 691 1059 non
716 990 869 1059 referunt
899 1014 988 1079 quae
1018 994 1064 1059 sit
1093 993 1365 1081 uniuscujusque
1396 990 1531 1058 concio-

470 1097 524 1163 nis
534 1097 686 1163 materia:
701 1096 747 1161 25²
762 1118 803 1161 eo
819 1095 912 1182 quod
929 1096 964 1161 in
980 1096 1191 1175 auctoribus,
1214 1119 1254 1162 ex
1270 1097 1397 1183 quibus
1413 1094 1532 1183 hujus·

469 1200 563 1267 modi
577 1199 720 1266 notitiae
750 1199 985 1277 desumuntur,
1012 1222 1081 1265 non
1109 1204 1266 1266 constant
1296 1222 1414 1265 omnes
1445 1197 1531 1264 anti·

469 1302 608 1389 quiores
638 1303 818 1368 conciones
841 1300 935 1388 typis
958 1300 1082 1381 editae,
1106 1302 1196 1369 unde
1212 1301 1248 1367 P.
1266 1302 1447 1370 Florencia
1463 1322 1532 1365 non

468 1406 592 1473 asserit
603 1426 639 1471 se
656 1404 824 1472 adducere
841 1426 959 1470 omnes
976 1405 1069 1491 typis
1095 1405 1208 1472 editas
1224 1406 1408 1472 conciones
1431 1404 1475 1471 dc
1490 1405 1529 1471 B.

469 1512 516 1577 Μ.
538 1509 577 1574 V.
601 1508 644 1573 de
667 1506 881 1593 Guadalupe,
906 1507 968 1573 sed
993 1508 1069 1574 illas
1084 1508 1126 1575 de
1144 1509 1271 1595 quibus
1286 1508 1446 1576 notitiam
1471 1506 1530 1573 ha-

468 1614 555 1693 bait;
578 1614 625 1697 (1)
657 1622 760 1697 atque
787 1610 890 1676 etiam
904 1614 1038 1677 constat
1061 1612 1115 1677 Fr.
1139 1610 1371 1698 Augustinum
1401 1613 1530 1679 Batan-

468 1722 553 1795 ourt,
585 1715 644 1802 qai
670 1715 868 1781 Provinciae
896 1714 1092 1781 Mexicanae
1122 1714 1154 1781 S.
1184 1716 1357 1783 Francisci
1382 1716 1527 1785 Chroni-

468 1844 541 1889 cam
570 1819 716 1907 scripsit,
731 1818 774 1883 de
804 1817 922 1883 multis
939 1822 1007 1905 typ.
1026 1818 1080 1885 ed·
1097 1819 1320 1885 concionibus
1349 1842 1418 1885 non
1445 1818 1526 1886 dare

466 1925 634 2002 notitiam,
646 1944 687 1989 eo
703 1919 796 2006 quod
811 1920 1028 1987 suiPraelati
1045 1928 1229 2009 praecepto
1259 1922 1446 2009 impeditus
1461 1921 1527 1988 fuit

465 2051 508 2096 ne
530 2030 620 2094 inter
634 2050 716 2094 suae
732 2024 931 2091 Provinciae
961 2025 1148 2111 scriptores
1164 2025 1206 2091 de
1222 2026 1292 2093 illis
1317 2026 1523 2092 mentionem

465 2133 602 2210 faceret,
615 2132 789 2217 quianam
802 2128 997 2196 concionem
1012 2128 1106 2216 typis
1119 2128 1370 2195 mandaverant
1387 2130 1442 2195 En
1454 2150 1525 2193 ver-

464 2237 511 2303 ba
524 2234 692 2322 praedicti
707 2235 904 2300 Betancurt.
930 2231 1097 2297 “Muohos
1113 2231 1155 2297 de
1171 2232 1224 2297 los
1240 2253 1308 2317 qua
1324 2230 1453 2297 habian
1464 2232 1529 2297 im·

465 2360 567 2427 preso
581 2360 627 2402 un
643 2359 779 2403 sermon
791 2358 828 2401 se
840 2336 1007 2401 borraron
1031 2334 1087 2399 del
1103 2334 1270 2423 Oatdlogo
1286 2334 1329 2401 de
1344 2339 1524 2402 escritores

464 2462 595 2530 porque
611 2440 645 2505 lo
657 2438 824 2505 mandrie}
840 2437 1018 2503 Prelado.”
1038 2438 1085 2519 (2)
1102 2437 1262 2504 Fortasse
1274 2442 1364 2505 inter
1380 2440 1525 2505 omissas

465 2543 653 2621 conciones,
670 2542 805 2628 aliquae
821 2542 863 2607 de
880 2542 916 2604 B.
937 2541 977 2605 u.
995 2541 1030 2605 V.
1043 2540 1085 2607 de
1113 2540 1316 2629 Guadalupe
1327 2546 1526 2608 tractarunt.

463 2645 659 2714 Dolendum
688 2644 832 2710 maxime
857 2644 951 2731 quod
980 2645 1065 2711 haec
1094 2644 1309 2732 praeceperit
1333 2644 1520 2711 Praelatus

463 2753 604 2820 Utinam
614 2752 657 2817 de
669 2750 838 2829 omnibus,
851 2772 918 2815 non
938 2747 1039 2814 modo
1056 2748 1098 2815 de
1120 2752 1189 2834 typ.
1206 2747 1269 2827 ad,
1286 2746 1346 2813 sed
1362 2748 1466 2813 etism
1482 2748 1524 2813 ds

462 2855 704 2942 manuscriptis
730 2852 961 2930 concionibus,
987 2873 1075 2937 quae
1092 2858 1172 2917 tuno
1199 2850 1463 2917 asservabantur
1489 2850 1524 2915 in

461 2959 677 3027 monasteriis
692 2959 939 3025 Franciscsnae
955 2958 1165 3039 Provinciae,
1181 2958 1280 3025 nobis
1292 2960 1415 3025 notitia
1427 2982 1524 3027 accu-

460 3070 536 3130 rata
549 3064 586 3129 in
600 3062 771 3129 Chronica
783 3064 964 3141 constaret,
983 3084 1058 3127 cum
1075 3069 1205 3129 certum
1222 3063 1269 3130 sit
1283 3063 1318 3129 id
1332 3062 1438 3129 fuisse
1453 3086 1523 3129 mo·

459 3166 508 3233 ris
524 3165 618 3253 quod
631 3164 835 3230 franciscani
850 3164 1037 3250 quotannis
1052 3166 1088 3231 in
1103 3165 1363 3255 'I'epeysquensi
1379 3166 1522 3255 Templo

459 3267 750 3334 concionarentur!
767 3268 817 3332 3.⁰
835 3265 917 3351 quia
932 3268 1121 3346 conciones,
1141 3268 1325 3355 separatim
1342 3268 1436 3356 typis
1451 3268 1521 3335 adi·

458 3376 525 3448 tae,
541 3370 689 3435 formant
704 3370 871 3455 opuscula
886 3370 1126 3449 minutissima,
1144 3394 1232 3457 quae
1249 3371 1411 3437 facillime
1427 3372 1522 3438 alec-

458 3472 592 3539 toribus
607 3472 809 3550 lacerantur,
826 3478 861 3538 et
876 3472 1014 3539 tandem
1032 3475 1171 3560 penitus
1194 3474 1376 3541 intereunt.

500 3573 847 3640 Animadvertendum
862 3576 966 3642 etiam
993 3578 1174 3645 maximam
1202 3602 1276 3647 esse
1293 3582 1519 3650 differentiam

458 3680 546 3745 inter
560 3699 738 3744 nnmerum
755 3679 965 3759 concionum,
993 3704 1081 3767 quae
1095 3686 1188 3772 typis
1200 3686 1357 3767 eduntur,
1384 3694 1420 3755 st
1443 3712 1520 3755 con·

457 3780 593 3848 cionum
608 3804 786 3848 numeram
801 3783 1007 3849 absolutum.
1054 3787 1234 3869 Quomodo
1250 3790 1285 3855 hi
1302 3790 1371 3857 dno
1388 3792 1519 3859 numeri

456 3906 493 3951 se
506 3883 657 3951 habeant
666 3885 860 3951 adinvicem
871 3908 940 3952 non
950 3892 1003 3954 est
1013 3890 1178 3976 possibile
1191 3892 1426 3961 determinare.
1437 3894 1519 3963 Plu-

497 4059 543 4135 (ι)
564 4058 700 4119 Estrello
713 4059 761 4117 del
773 4059 869 4117 Norte
882 4058 918 4118 dc
932 4061 1053 4133 Me‘xico,
1073 4082 1138 4141 cap.
1154 4086 1203 4141 34,
1219 4068 1300 4127 ndm.
1318 4072 1386 4143 362.

495 4159 540 4237 (ι)
555 4156 935 4235 Menologioaranciscano.
952 4164 1002 4221 Dc
1014 4164 1055 4221 los
1069 4184 1189 4226 varanes
1202 4166 1319 4227 durem
1332 4188 1387 4245 que
1400 4188 1455 4229 con
1463 4188 1515 4229 sur

450 4250 565 4328 escrito's
577 4259 728 4330 honrarcn
742 4260 763 4331 ά
775 4261 807 4331 la
818 4262 976 4333 l'rooincia
990 4260 1039 4329 del
1057 4260 1153 4330 Santo
1175 4266 1353 4345 Evangelio,
1365 4268 1405 4329 ad
1420 4268 1516 4339 finem
