3625 5217
314 807 376 875 ills
385 805 480 896 typis
494 803 635 873 edenda
652 800 751 869 Nihil
762 804 880 868 entem
892 796 1050 867 concludi
1063 800 1230 887 potestur
1244 796 1383 868 silentio

314 912 461 999 efioujus
475 906 625 977 auotoris
639 907 683 974 de
698 928 735 974 re
751 904 879 991 ulique,
893 901 925 971 ei
937 900 1011 989 ejus
1026 923 1114 989 opue
1128 922 1198 969 uon
1210 902 1382 991 integrum

311 1036 395 1103 pree
409 1015 519 1081 oeulis
533 1012 711 1079 habentur.
734 1010 784 1077 Μ·
804 1008 899 1075 Doto
921 1006 1017 1095 quod
1027 1004 1065 1075 P.
1082 1004 1323 1095 Torqueruodu
1337 1007 1381 1075 de

318 1123 543 1212 Apperitione
559 1118 704 1198 siluerit,
720 1117 894 1185 silentium
910 1118 984 1203 ejus
1005 1116 1211 1205 prudentiae
1237 1117 1382 1188 attribui

316 1234 441 1315 potest,
455 1248 498 1293 ne
513 1226 544 1291 si
570 1224 672 1291 indos
686 1244 895 1309 mugnopere
918 1222 1070 1291 exultare
1091 1222 1275 1305 videretur,
1288 1246 1384 1293 erue·

316 1330 447 1419 peratis
461 1327 600 1407 invidis,
614 1328 788 1395 diffieilior
810 1332 904 1395 esset
918 1326 1056 1397 illorum
1068 1326 1232 1395 detersio.
1248 1330 1292 1395 3.·
1306 1328 1385 1396 Nou

318 1433 457 1499 omnino
471 1430 569 1499 siluit
583 1429 834 1517 Torquemnds;
855 1452 934 1497 nem
961 1453 1029 1499 non
1044 1434 1150 1501 semel
1166 1434 1205 1501 B.
1220 1436 1267 1503 M.
1283 1435 1324 1503 V.
1341 1435 1385 1504 de

318 1535 523 1623 Gundelupe
539 1533 704 1612 meminit,
720 1540 756 1601 et
770 1533 845 1620 ejus
859 1534 990 1623 templi
1008 1535 1101 1603 Hine
1116 1536 1165 1605 eit
1187 1538 1246 1606 lib.
1264 1542 1295 1623 b,
1311 1562 1383 1630 onp.

319 1640 370 1708 74.
389 1638 454 1704 “Al
463 1638 657 1725 Arzobispo
668 1658 736 1724 que
748 1636 911 1704 entenees
922 1636 957 1703 lo
968 1638 1080 1708 erede
1089 1637 1234 1723 Merioo,
1245 1642 1286 1709 Ι).
1300 1641 1387 1711 Ger·

319 1739 373 1808 oin
388 1740 529 1820 Guerre,
545 1740 625 1806 vino
637 1738 911 1807 nombrnmiento
921 1737 965 1806 de
980 1738 1091 1829 rirey.
1105 1796 1111 1809 .
1126 1796 1132 1809 .
1147 1765 1248 1831 ,pere
1261 1744 1294 1812 el
1309 1742 1387 1813 ouul

319 1842 558 1911 reoibimiento
583 1840 672 1909 sulib
685 1842 777 1910 dele
798 1842 915 1909 ermito
940 1842 983 1911 de
1012 1842 1163 1913 Nuestre
1188 1846 1320 1916 Seiroru
1344 1848 1388 1915 de

320 1948 536 2035 Gundelupe,
552 1944 665 2013 doude
691 1944 796 2013 hubin
810 1945 933 2015 estndo
946 1944 1044 2017 intes
1071 1972 1113 2017 en
1139 1952 1318 2021 novenee.”
1341 1952 1389 2023 Et

320 2049 379 2118 lib.
398 2054 417 2113 5
444 2073 517 2138 onp.
533 2050 575 2117 63
591 2048 641 2118 sio
656 2049 706 2117 nit
720 2048 763 2115 de
776 2047 965 2118 visitatore
980 2048 1158 2121 benderee
1173 2054 1216 2122 de
1231 2054 1387 2137 Veiosne.

321 2156 383 2241 qui
395 2154 534 2225 severit
547 2174 637 2221 nuno
653 2153 744 2221 1607.
790 2150 919 2239 '‘Liegb
934 2176 955 2221 s
969 2160 1045 2221 estu
1059 2160 1134 2225 estu
1164 2156 1299 2241 oiudud,
1329 2157 1389 2227 be·

322 2259 443 2327 oiendo
458 2256 590 2347 perede
604 2278 648 2323 eu
661 2254 813 2324 Nueetrn
828 2255 959 2325 Seirors
973 2256 1017 2326 de
1031 2256 1249 2351 Gundelupe,
1276 2259 1389 2331 dende

322 2361 489 2429 todosloe
514 2359 647 2448 rirryee
661 2359 697 2425 le
711 2358 851 2427 hecen.”
875 2358 977 2444 Quod
1002 2360 1154 2431 ostendit
1183 2370 1314 2451 queuto
1328 2367 1391 2434 bo-

323 2488 406 2533 nore
435 2464 507 2532 illis
522 2460 737 2551 temporibus
759 2466 1027 2551 prosequeretur
1055 2466 1094 2535 Β.
1112 2466 1155 2535 Μ.
1173 2466 1212 2537 V.
1229 2469 1272 2537 ds
1298 2467 1391 2540 Gus-

323 2570 460 2657 delupe.

353 2699 430 2786 Obj.
445 2696 555 2764 7.-Ρ,
567 2696 622 2763 Fr.
632 2694 831 2764 Ludoviens
842 2697 886 2765 de
895 2696 1068 2781 biennes,
1080 2702 1117 2767 in
1128 2699 1219 2769 libro
1234 2698 1277 2768 de
1301 2700 1392 2769 Ime-

324 2804 403 2891 gine
418 2802 458 2867 B.
470 2800 518 2867 Μ.
535 2800 574 2868 V.
594 2822 615 2865 e
630 2797 809 2867 Remediie
824 2798 948 2883 diotre,
975 2800 1081 2869 verbe
1095 2801 1177 2871 ieoit
1192 2801 1236 2871 de
1265 2802 1392 2891 Imegi·

323 2930 367 2975 ne
380 2907 421 2974 B.
436 2904 482 2971 M.
500 2904 598 2972 Vde
615 2903 832 2993 Guednlupe,
849 2926 953 2992 quern
975 2906 1061 2977 dicit
1075 2910 1222 2975 murima
1237 2904 1393 2975 devotio·

324 3032 367 3077 ne
380 3007 545 3088 venerari,
556 3006 644 3075 etde
657 3008 845 3093 miruoulis⁸
856 3030 957 3097 quee,
968 3008 1123 3099 Deipere
1137 3010 1253 3097 iubeo
1267 3010 1394 3099 Imegi·

326 3134 369 3180 ne
384 3112 552 3192 inruente,
565 3112 776 3199 operabatur
796 3111 979 3193 Dominus,
991 3112 1095 3183 etiem
1107 3112 1269 3201 loquitur.
1313 3112 1394 3195 Gur,

326 3238 368 3285 ee
382 3215 579 3283 ooonssione
595 3214 723 3294 obluta,
746 3237 815 3280 non
831 3214 930 3283 affert
951 3217 1108 3286 notitiem
1135 3217 1393 3307 Appuritionis?

370 3314 570 3403 Resp-Ut
584 3313 767 3382 confitetur
781 3312 918 3395 binim,
935 3314 973 3387 Ρ.
990 3317 1153 3387 Oisueroe
1169 3339 1236 3387 non
1253 3318 1394 3408 eoripsit

329 3422 511 3490 historiam
526 3421 565 3487 B.
582 3420 630 3487 M.
645 3420 685 3488 V.
702 3421 745 3488 do
774 3421 994 3512 Gundelupe,
1017 3426 1079 3494 sed
1094 3424 1273 3495 historiam
1289 3426 1328 3495 B.
1346 3424 1393 3493 M.

329 3526 369 3596 V.
386 3524 611 3609 eRemediie;
627 3524 718 3591 unde
733 3524 868 3593 etiamsi
883 3524 1017 3599 uultum
1032 3528 1175 3599 verbum
1198 3526 1338 3597 ieoieeet
1352 3528 1395 3596 de

331 3634 373 3700 B.
384 3633 431 3700 Μ.
448 3631 487 3698 V.
503 3630 546 3697 de
572 3628 777 3715 Gundelupe
803 3629 890 3696 nihil
921 3628 1150 3719 oolligerotur,
1180 3630 1344 3718 quonium
1360 3626 1397 3695 id

330 3760 400 3804 non
414 3738 489 3802 eret
503 3734 578 3819 ejus
592 3734 820 3821 propositum:
850 3732 939 3803 dixit
964 3738 1080 3805 temen
1101 3732 1195 3801 hese.
1242 3731 1308 3799 “El
1324 3730 1398 3801 meu

332 3840 473 3927 entiguo
490 3834 702 3920 (Sentuerio)
719 3858 757 3901 ee
772 3835 805 3902 el
820 3836 863 3905 de
879 3835 1084 3925 Gusdniupe
1100 3858 1166 3924 que
1189 3834 1265 3903 esti
1294 3834 1399 3903 tune

332 3944 435 4031 legun
443 3943 486 4009 de
499 3946 574 4008 oete
583 3931 708 4006 oiudud
718 3937 739 4005 u
748 3937 783 4005 lu
792 3945 890 4027 perte
901 3938 958 4009 dei
970 3938 1087 4021 Norte,
1100 3960 1167 4027 qne
1179 3958 1217 4007 ee
1229 3960 1298 4005 une
1308 3936 1400 4006 Imt

22 4123 23 4126 Ἴ
332 4068 399 4133 gen
427 4046 471 4113 de
496 4066 581 4132 gron
595 4041 761 4110 devocion
790 4064 813 4129 y
839 4062 1013 4123 concurso,
1042 4042 1112 4109 ossi
1141 4040 1249 4109 desde
1271 4062 1339 4127 que
1361 4060 1398 4107 se

22 4187 23 4260 p
331 4147 419 4237 geno
434 4149 470 4215 le
484 4149 598 4228 tierre,
614 4168 682 4233 que
697 4146 745 4211 he
759 4145 907 4233 heohoy
931 4146 1014 4215 heoe
1031 4148 1173 4215 muobos
1189 4142 1399 4233 milegros,t

331 4252 437 4339 quien
450 4275 516 4318 ven
530 4248 700 4335 huoiendo
715 4272 784 4317 une
799 4243 930 4338 insigne
946 4248 1084 4337 Iglesiu,
1107 4270 1175 4337 que
1207 4270 1271 4337 por
1287 4245 1400 4315 erden

328 4355 386 4425 del
413 4354 608 4443 Arzobiepo
637 4353 712 4423 estu
727 4377 773 4422 en
787 4376 870 4443 muy
900 4353 994 4425 buen
1007 4352 1148 4443 pnut0.'’
1192 4350 1262 4421 Hie
1277 4354 1400 4427 aroer
