3625 5217
1015 518 1078 583 120

512 687 548 744 et
561 678 724 762 fidelium,
741 694 888 771 protam
904 688 1071 775 singulari
1087 688 1262 767 beneficio,
1280 712 1429 755 amorem
1453 690 1487 753 in
1504 689 1566 753 Dei

513 780 722 851 Genitricem
738 787 978 857 incenderunt?

556 885 594 952 Si
604 888 798 975 sapientum
810 893 960 960 virorum
973 918 1178 981 quaeramus
1191 896 1367 982 obsequia,
1384 898 1457 963 sive
1470 894 1571 961 eccle·

514 988 613 1055 siasti
642 991 695 1057 illi
711 992 848 1074 luerint,
865 996 937 1063 sive
961 998 1050 1077 laici,
1067 1022 1201 1065 summo
1231 1000 1360 1065 honore
1385 998 1473 1086 ipsis
1488 1020 1571 1063 sam·

514 1114 576 1179 per
591 1092 697 1162 fuisse
727 1100 975 1188 comperiemus
1000 1100 1214 1169 devotionem
1231 1126 1313 1189 erga
1341 1102 1379 1167 B.
1397 1102 1444 1167 Μ.
1462 1101 1499 1167 V.
1530 1099 1570 1166 da

514 1200 718 1293 Guadalupe
734 1208 840 1273 sacris
856 1208 1078 1275 concionibus
1087 1208 1212 1289 lovere,
1225 1208 1367 1295 ejusque
1379 1206 1570 1295 Apparitio

515 1328 591 1374 nem
607 1307 679 1375 sive
695 1310 844 1397 publicis
859 1312 1008 1399 scriptis,
1026 1313 1097 1379 sive
1113 1312 1258 1400 privatis
1274 1311 1458 1397 colloquiis
1473 1332 1569 1377 snar-

514 1431 600 1489 rare,
616 1416 652 1479 et
662 1413 856 1480 firmissime
872 1416 1062 1482 stabilitam
1075 1416 1267 1483 ostendere:
1283 1414 1400 1502 plnres
1412 1413 1514 1480 etiam
1530 1435 1569 1479 ex

514 1514 586 1582 illis
596 1515 934 1586 confraternitatibus
950 1521 985 1585 in
1001 1520 1164 1587 honorem
1178 1522 1216 1587 B.
1231 1521 1276 1585 Μ.
1294 1520 1332 1587 V.
1346 1519 1388 1585 da
1400 1517 1570 1585 Gusdalu·

515 1643 559 1707 pe
575 1622 753 1702 institutis,
771 1624 910 1689 nomina
925 1646 988 1691 sna
1003 1625 1136 1691 dedere.

558 1744 597 1813 Si
611 1744 747 1833 piorum
771 1744 1026 1811 benefacturum
1051 1768 1229 1811 numerum
1245 1751 1280 1811 et
1310 1744 1570 1811 munificentiam

516 1852 739 1939 inquiramus,
755 1851 800 1918 ad
810 1852 942 1938 insigna
959 1852 1225 1939 Tepeyaquense
1242 1846 1428 1939 'Templum
1445 1850 1569 1939 aspice·

516 1978 552 2023 ra
567 1954 720 2022 sufficiet:
738 1954 947 2021 ditissimum
963 1956 1050 2022 illud
1066 1956 1245 2043 Templum
1263 1978 1356 2033 auro,
1373 1962 1409 2021 et
1424 1958 1570 2043 argento,

488 2097 490 2101 ,
515 2064 552 2126 et
574 2058 752 2146 lapidibus
776 2058 948 2146 pretiosis,
973 2065 1076 2145 atque
1104 2062 1217 2126 cultus
1241 2060 1276 2125 iu
1299 2082 1340 2125 eo
1371 2080 1569 2145 magnopere

516 2161 727 2249 splendidus,
743 2163 793 2228 ita
808 2164 982 2249 copiosam
998 2163 1133 2251 piorum
1149 2164 1403 2229 benefactorum
1421 2161 1570 2227 multita-

514 2265 630 2333 dinem
645 2265 806 2344 ostendit,
823 2266 1014 2333 utiliorum
1038 2267 1184 2334 historia
1213 2267 1319 2333 libros
1335 2266 1479 2355 implere
1498 2286 1570 2351 pos·

517 2372 580 2445 set;
594 2366 735 2433 adhaec
750 2367 917 2433 accedunt
932 2388 1019 2452 quae
1037 2368 1115 2433 aliis
1139 2368 1278 2454 templis
1293 2369 1329 2433 in
1345 2367 1506 2433 bonoram
1524 2367 1570 2454 ip·

515 2468 589 2537 sius
603 2470 642 2535 B.
659 2469 706 2534 m
723 2470 761 2536 V.
779 2469 822 2535 de
838 2470 1042 2557 Guadalupe
1058 2494 1120 2557 per
1136 2471 1301 2549 civitates,
1319 2476 1354 2537 et
1377 2470 1482 2558 opida
1503 2470 1571 2536 Ma·

514 2576 629 2645 xiccac
644 2576 804 2644 Nationis
833 2575 966 2657 dicatis,
984 2599 1125 2644 munera
1141 2577 1315 2643 contulere
1331 2572 1569 2663 quamplurimi

516 2678 567 2767 pii
581 2678 825 2745 benefactores.

559 2781 598 2849 si
612 2780 764 2847 civilium
779 2780 1045 2869 Magistratuum
1058 2802 1139 2867 erga
1151 2781 1190 2846 B.
1204 2780 1249 2845 Μ.
1263 2779 1302 2845 V.
1317 2778 1359 2845 de
1372 2777 1570 2865 Guadalupe

517 2884 681 2973 pietatem
697 2884 914 2971 aspiciamus,
931 2883 1140 2971 praeclaram
1158 2883 1253 2949 illam
1269 2882 1375 2949 fuisse
1391 2882 1570 2969 comperie-

517 3008 605 3053 mus:
619 3008 695 3051 nam
712 2986 774 3065 illi,
790 2992 826 3053 et
841 2987 1128 3067 processionibus,
1157 2994 1192 3055 et
1208 2989 1284 3056 aliis
1300 2988 1571 3056 solemnitatibus

517 3087 670 3174 ejusdem
693 3088 937 3157 Sanctissimae
952 3090 1104 3177 Virginis
1126 3092 1277 3171 aderant,
1295 3098 1330 3159 et
1345 3092 1488 3178 Templa
1501 3092 1571 3175 ejus

517 3190 659 3279 speciali
675 3192 834 3259 colebant
849 3194 1075 3273 veneratione,
1093 3200 1128 3261 et
1142 3196 1253 3283 ipsius
1269 3196 1309 3263 Β.
1325 3196 1363 3262 V.
1381 3194 1424 3261 de
1441 3194 1571 3263 Guada·

517 3293 599 3383 lupe
615 3295 743 3362 cultum
759 3295 883 3376 fovere,
900 3303 936 3363 et
962 3296 1150 3385 principale
1167 3300 1390 3366 Patronatum
1417 3298 1456 3365 Β.
1473 3299 1519 3365 Μ.
1536 3297 1570 3359 l'.

518 3396 560 3464 de
573 3396 777 3485 Guadalupe
788 3421 855 3465 non
866 3398 968 3464 modo
978 3399 1205 3467 libentissime
1217 3408 1450 3491 susceperuut,
1462 3426 1571 3469 uerum

518 3500 621 3567 etiam
634 3502 774 3588 propria
790 3502 1030 3589 cooperatione
1043 3510 1082 3569 ut
1094 3504 1333 3570 institueretur
1348 3504 1443 3571 luere
1457 3528 1572 3591 magna

519 3628 610 3692 pars:
621 3605 746 3671 testum
759 3606 857 3671 ciuile
871 3606 1160 3673 solemnissimum
1187 3607 1290 3673 etiam
1303 3608 1498 3675 institutum
1514 3608 1572 3673 lu't

519 3707 606 3773 illud
618 3708 653 3773 iu
675 3732 745 3795 quc
760 3710 942 3797 Apparitio
954 3710 1232 3797 Gumlalupansis
1257 3710 1459 3789 celebratur,
1485 3710 1570 3799 quod

520 3810 644 3876 festum
659 3834 794 3877 summo
822 3813 951 3878 honora
969 3815 1184 3879 caleluaruut
1197 3812 1315 3877 civiles
1342 3814 1571 3901 Magistratus,

519 3914 621 3981 etiam
638 3917 802 4003 primarii,
818 3920 927 3986 donec
939 3922 1099 3987 infaustis
1114 3923 1208 3989 hisce
1233 3924 1447 4009 temporibus
1464 3922 1573 3991 Eccle-

520 4021 590 4087 siae
603 4029 638 4088 et
650 4024 768 4091 Status
781 4028 954 4113 separatio
964 4030 1093 4094 sancitu
1107 4037 1166 4095 est.
1186 4030 1346 4113 Quinimo
1356 4033 1458 4095 etiam
1472 4029 1506 4094 in
1516 4028 1573 4092 buc

520 4125 656 4192 civitate
673 4128 912 4195 Gamlalaxara
924 4131 1062 4217 publica
1080 4132 1188 4197 uirilis
1201 4132 1395 4198 ‚inmeritas
1408 4132 1572 4199 licentiam

520 4230 675 4297 concedit
684 4238 723 4297 ut
734 4240 869 4319 praeter
880 4234 975 4299 illam
987 4258 1226 4323 eouqmuarum
1238 4238 1479 4324 pulsationem,
1491 4258 1571 4324 quac

519 4338 592 4421 lega
617 4336 835 4422 permittitur,
859 4336 915 4402 die
941 4338 981 4403 12
998 4338 1197 4405 Decembris
1222 4362 1405 4426 campanae
1430 4340 1573 4407 omnium
