3625 5217
776 522 839 590 123

275 693 489 786 religionum,
496 696 671 775 canonici,
678 702 714 763 et
724 695 921 785 Dignitates
931 693 1167 761 obtinentesin
1176 690 1345 761 Ecclesiis

277 798 553 880 cathedralibus,
574 800 826 887 qninquaginta
853 805 888 866 et
908 804 1065 886 quatuor,
1092 802 1170 863 octo
1182 797 1339 877 Parochi‚

277 904 451 991 octoginta
464 904 664 995 Presbyteri
679 906 881 986 saeculares,
899 910 945 993 (1)
963 906 1191 995 quadraginta
1210 914 1245 975 et
1270 907 1340 974 duo

277 1006 476 1096 Presbyteri
492 1010 677 1099 regulares,
693 1010 869 1097 octoginta
883 1018 919 1079 et
929 1011 999 1078 duo
1011 1010 1180 1079 Doctores
1195 1012 1339 1081 Univer-

278 1113 428 1193 sitatum,
444 1121 480 1180 et
494 1115 574 1181 laici
594 1114 840 1203 quamplurimi
854 1116 1040 1185 'nobilitate
1056 1116 1218 1205 insignem
1243 1144 1340 1209 prae·

278 1218 331 1280 ter
344 1236 433 1300 quos
447 1222 732 1301 quatuorceutum
747 1217 913 1305 nonginta
929 1224 964 1285 et
980 1218 1049 1284 dno
1076 1218 1340 1310 congregationi

278 1326 375 1384 erant
389 1319 565 1409 adscmpti,
581 1320 641 1409 qui
661 1320 810 1409 dispersi
826 1321 1096 1409 reperiebantur,
1114 1324 1185 1390 sive
1201 1324 1341 1409 Romae,

278 1420 350 1485 sive
365 1419 510 1502 Galliae,
526 1429 602 1503 ete,
613 1422 685 1489 sive
700 1421 804 1488 variis
819 1420 855 1487 in
870 1421 956 1489 locis
971 1420 1162 1510 Hispaniae
1178 1432 1213 1493 et
1241 1428 1342 1497 Ame-

279 1522 378 1589 ricae.
389 1523 487 1591 Haec
498 1525 548 1593 ita
559 1531 657 1592 erant
667 1525 805 1612 quando
817 1524 858 1590 D.
873 1525 1018 1592 Riverue
1031 1530 1231 1615 opusculum
1244 1556 1341 1620 prae-

279 1624 407 1695 dictum
430 1629 524 1716 typis
538 1630 605 1696 tuit
619 1630 759 1707 editum,
790 1629 883 1717 qnod
909 1630 1102 1701 factumest
1126 1640 1224 1702 annis
1247 1639 1341 1719 1740,

280 1736 363 1802 1757
378 1738 414 1799 et
429 1734 522 1802 1785.
537 1734 583 1818 (2)
598 1734 653 1799 En
667 1756 770 1820 quam
785 1734 889 1801 fuerit
904 1734 1105 1823 magnificus
1128 1738 1231 1805 etiam
1246 1752 1343 1809 extra

279 1840 493 1906 Mericanam
522 1837 704 1905 Notionem
734 1840 847 1906 cultus
862 1839 901 1904 B.
933 1838 979 1903 M.
996 1838 1035 1905 V.
1054 1839 1096 1905 de
1127 1840 1339 1933 Guadalupe.

282 1943 407 2010 Adhuc
421 1941 464 2008 de
480 1942 546 2008 hoc
557 1943 648 2009 cultu
665 1942 700 2009 in
712 1943 838 2009 exteris
852 1942 1048 2009 nationibus
1063 1944 1162 2031 plura
1177 1948 1339 2017 dicentur.

323 2115 495 2201 (Veterator
517 2115 752 2201 Erplumtioet
780 2114 1000 2201 Comprobalio
1015 2118 1166 2185 trieterica
1180 2122 1273 2208 bajus
1287 2146 1342 2188 or·

279 2220 416 2306 punem
429 2222 464 2285 in
478 2222 525 2286 3st
540 2218 641 2285 Parte
655 2218 749 2302 bajus
764 2218 1031 2303 obserationis.)

514 2419 851 2489 ARGUMENTUM
869 2421 1106 2493 DECIMUM.

212 2594 217 2599 Δ
289 2617 410 2683 Veritas
424 2611 649 2702 Appuritioaia
674 2612 714 2677 B.
730 2608 775 2675 M.
800 2609 886 2675 aaa
922 2612 1294 2703 Gmdatupeonetditn
1307 2646 1345 2689 ex

546 2715 823 2805 approbationibus
838 2717 1075 2805 Epircrporam.

325 2896 412 2963 Oum
426 2892 667 2980 antiquissimu
681 2890 781 2977 plura
805 2891 972 2959 mexicani
988 2892 1118 2961 archivi
1148 2894 1344 2987 Archiepis·

283 3004 414 3093 copulis
428 3001 630 3080 interierint,
643 3007 682 3068 ut
696 3000 831 3067 dicetur
845 2999 881 3067 iu
905 3000 1078 3067 solutione
1103 3000 1344 3089 objectionum,

282 3130 350 3175 uon
365 3104 591 3193 requirendus
603 3110 657 3171 est
670 3105 773 3172 hodie
786 3106 913 3193 aliquis
925 3105 968 3172 de
984 3106 1210 3195 Apparitioue
1225 3111 1347 3198 juridi-

283 3234 343 3278 cus
358 3232 539 3298 processus
550 3207 630 3276 Rmi
645 3208 862 3296 Zumarraga;
877 3232 994 3276 verum
1011 3211 1077 3277 hoo
1092 3234 1160 3279 non
1176 3214 1346 3297 obstante,

284 3297 594 3402 ita'mnltiplioiter,
624 3313 794 3394 continue,
824 3321 860 3381 et
885 3315 1094 3399 solemniter,
1124 3340 1193 3385 non
1218 3319 1263 3385 ab
1278 3342 1346 3385 uno

285 3416 529 3496 tautummodo,
542 3417 604 3484 sed
616 3440 636 3483 a
648 3416 805 3503 pluribus
816 3418 1106 3509 Archiepiscopis,
1117 3425 1152 3488 et
1162 3422 1347 3509 Episcopis

284 3518 562 3606 Gnadalupeusis
577 3518 759 3607 Apparitio
774 3520 966 3607 approbata
989 3526 1052 3601 est,
1069 3526 1108 3589 ut
1123 3521 1346 3591 meridianam

325 3718 371 3797 (1)
414 3720 554 3796 Praepter
567 3719 712 3779 honorem
728 3718 902 3791 Sacerdotii,
923 3719 983 3781 alio
997 3719 1088 3781 etiam
1115 3723 1249 3783 decorati
1265 3724 1345 3783 fuere

286 3817 315 3876 hi
329 3818 494 3895 Presbyteri
506 3820 681 3891 saeculares,
693 3816 836 3879 dicuntur
847 3818 928 3880 enim
941 3806 1124 3896 Presbyteros
1136 3822 1278 3881 seculares
1287 3842 1347 3883 con-

283 3916 451 3993 decorados;
466 3920 518 3981 sed
530 3937 592 3978 uon
607 3918 828 3980 determinatur
855 3920 954 3998 qualis
969 3921 1056 3982 tuerit
1071 3920 1121 3982 hic
1135 3921 1210 3983 alitis
1239 3924 1344 3984 honor.

287 4016 455 4095 Presbyteri
471 4019 617 4095 regulares
632 4016 774 4079 dicuntur
786 4020 972 4096 Presbyterus
986 4020 1134 4097 relegiosos
1144 4022 1326 4097 graduados.

326 4116 372 4199 (a)
415 4115 571 4191 Beristain,
587 4115 708 4189 Bibliot,
737 4126 792 4178 art.
823 4116 931 4178 Rivera
956 4118 1093 4181 Guzman
1124 4122 1160 4180 D.
1177 4119 1345 4181 'leobaldo

287 4218 431 4281 Videatur
442 4219 502 4279 hoc
512 4220 691 4301 opusculum
706 4216 737 4278 iu
750 4221 851 4297 Opere
861 4217 909 4280 cui
920 4218 1031 4294 titulus,
1051 4219 1202 4281 Coleccr'on
1216 4220 1250 4281 de
1262 4220 1349 4281 ebrus

280 4308 468 4396 masculos
477 4317 700 4397 potentatum
713 4316 733 4377 ά
746 4317 779 4378 la
802 4317 979 4395 Apan’cion,
994 4328 1062 4393 etc,
1079 4328 1151 4381 tom.
1168 4320 1191 4382 Ι.
