3625 5217
763 618 828 699 219

277 822 384 891 rimae
395 820 558 889 dicuntur
570 820 761 889 conciones:
773 820 816 887 de
828 821 872 889 iis
884 843 1013 909 paucae
1025 820 1119 909 typis
1130 820 1341 888 mandantur.

273 932 334 999 Ex.
346 955 376 1019 g.
388 930 574 997 incivitate
590 925 807 993 Gedataxara
816 926 1001 1012 quotannis
1012 926 1232 993 concionatur
1243 926 1285 1007 de
1298 926 1337 991 B.

274 1035 321 1101 Μ.
337 1035 376 1102 V.
394 1036 437 1101 de
449 1031 662 1117 Guadslupe,
672 1030 708 1096 in
719 1030 988 1119 Metropolitum
998 1031 1154 1098 Ecclesia
1170 1032 1286 1111 semel,
1301 1030 1338 1097 in

275 1136 534 1225 Guadalupensi
543 1133 673 1221 templo
682 1132 829 1221 siugulis
840 1135 1026 1213 mensibus,
1039 1134 1074 1200 in
1085 1134 1267 1201 Seminarii
1277 1134 1338 1202 Sa·

273 1240 371 1319 cello,
381 1243 596 1327 etqueetiam
607 1239 641 1303 in
652 1236 731 1303 aliis
741 1236 892 1323 templis,
910 1238 971 1303 ubi
981 1260 1022 1305 ax
1038 1237 1271 1317 Sacerdotem,
1285 1234 1338 1304 vel

275 1366 316 1409 ex
336 1344 489 1411 fidelium
505 1344 694 1420 devotione,
710 1340 836 1407 festum
851 1340 1117 1429 Guadulupeuse
1134 1340 1335 1423 celebretur,

274 1452 377 1533 atqua
392 1448 496 1514 etiam
509 1451 543 1515 in
552 1446 630 1514 aliis
641 1442 781 1530 templis
792 1448 889 1509 extre
900 1444 1012 1531 ipsam
1025 1448 1194 1513 civitatem
1210 1448 1340 1515 archie-

274 1546 494 1633 piscopalem:
509 1552 744 1615 verumtamen
758 1566 801 1609 ex
812 1550 866 1611 tot
880 1544 1103 1612 concionibus
1118 1546 1264 1635 singulis
1279 1571 1338 1615 1111-

275 1649 330 1715 nis
341 1650 471 1717 habitis
483 1650 526 1716 sd
539 1650 715 1737 populum,
730 1672 809 1715 raro
824 1648 918 1736 typis
934 1647 1050 1733 aliqua
1062 1648 1250 1717 mandatur.
1265 1652 1338 1721 Nec

275 1752 502 1819 dubitandum
517 1752 611 1839 quod
625 1754 691 1819 hoc
705 1754 819 1839 ipsum
835 1756 1030 1817 constanter
1044 1757 1136 1819 retro
1152 1754 1238 1829 actis
1254 1761 1338 1822 tem·

275 1857 418 1943 poribus
433 1856 601 1923 acciderit
631 1856 678 1922 Et
693 1853 786 1941 quod
802 1853 925 1919 attinet
941 1852 984 1918 ed
996 1853 1192 1943 antiquiora
1207 1862 1337 1947 tempo-

275 1981 324 2038 ra,
339 1958 497 2025 dissertis
507 1960 621 2027 verbis
633 1964 779 2025 testatur
789 1957 827 2023 P.
852 1956 1034 2022 Florenoie
1056 1958 1236 2027 conciones
1252 1963 1337 2029 mul·

276 2067 330 2127 tas
341 2084 410 2127 non
424 2062 530 2129 tuisse
542 2067 612 2151 typ.
629 2062 751 2128 editas:
773 2065 957 2149 postquam
987 2059 1078 2125 enim
1094 2062 1245 2130 narravit
1259 2062 1338 2133 illas

277 2165 466 2245 conciones,
482 2165 525 2231 de
540 2166 668 2251 quibus
680 2170 800 2251 utpote
812 2163 907 2250 typis
916 2160 1019 2229 editis
1031 2164 1188 2229 notitiam
1205 2164 1337 2249 habuit,

277 2266 442 2352 adjunxit:
458 2269 624 2335 “Moches
639 2266 713 2335 mis
729 2266 929 2351 (sermones)
947 2288 983 2331 se
995 2266 1163 2332 huuieran
1179 2271 1337 2356 impres0,

277 2368 398 2456 dignos
413 2370 456 2437 de
472 2372 506 2437 la
520 2372 576 2437 luz
591 2369 739 2460 publica,
755 2368 786 2435 si
815 2392 912 2435 como
942 2370 1010 2457 hey
1026 2392 1069 2437 en
1084 2370 1221 2439 Me'xico
1246 2398 1269 2461 y
1295 2396 1338 2441 en

277 2474 359 2541 toda
369 2477 404 2541 la
414 2475 533 2542 Naeva
544 2477 683 2563 Espuna
692 2474 907 2541 abundancia
921 2476 964 2543 de
977 2478 1155 2566 escogidos
1165 2480 1337 2561 oradores,

278 2601 322 2644 no
334 2578 479 2646 habiero
502 2585 598 2646 tanta
623 2577 769 2646 carestia
783 2601 826 2645 en
841 2580 894 2645 las
910 2580 1128 2667 imprentus'’
1146 2586 1193 2668 (1)
1222 2592 1263 2652 Et
1277 2609 1337 2653 no·

277 2682 419 2749 tandum
434 2684 498 2751 has
513 2684 702 2762 conciones,
716 2706 802 2769 quas
829 2684 1009 2753 Floreuoia
1039 2688 1123 2757 dicit
1138 2690 1247 2757 multo
1263 2692 1338 2779 plu-

277 2808 343 2864 res,
359 2788 486 2852 maclras
501 2790 579 2866 111111,
598 2810 667 2853 non
682 2809 755 2854 esse
771 2788 837 2852 nisi
852 2788 1049 2875 politiones,
1064 2792 1179 2877 dipsas
1193 2794 1231 2861 dc
1245 2794 1277 2861 la
1292 2796 1339 2861 luz

272 2889 409 2974 piblioa,
423 2888 513 2955 uude
526 2895 623 2977 patet
635 2890 836 2956 concionum
848 2891 1019 2977 integrum
1032 2916 1209 2963 numerum
1220 2896 1327 2965 fuisse

281 2991 390 3057 multo
405 2992 575 3078 majorem.

320 3118 536 3207 Oportunum
551 3124 616 3187 erit
630 3121 764 3207 aliquas
779 3120 861 3187 dare
885 3122 1027 3191 notities
1053 3126 1143 3193 circa
1158 3128 1338 3197 conciones

278 3223 550 3311 guadalupenses
566 3223 784 3309 antiquiores
819 3223 871 3288 Ex
883 3224 998 3290 verbis
1014 3226 1129 3292 citatis
1144 3228 1180 3294 P.
1198 3229 1338 3298 Floren-

279 3326 351 3392 ciae
366 3332 501 3393 constat
526 3349 634 3413 nsque
660 3326 704 3391 ed
717 3347 843 3391 anuum
871 3327 963 3406 1686,
994 3351 1064 3415 quo
1080 3330 1154 3417 ejus
1170 3354 1257 3420 opus
1272 3333 1339 3401 init

280 3430 517 3515 approbatum,
533 3434 694 3518 praepter
709 3430 802 3517 typis
817 3430 928 3496 editas
957 3432 1138 3500 conciones
1164 3435 1339 3503 6111611111-

279 3554 400 3618 penses
416 3555 502 3619 quus
522 3542 647 3613 narrat,
675 3532 761 3598 alias
773 3533 940 3619 plurimes
955 3535 1023 3621 jam
1036 3534 1080 3601 ad
1096 3538 1263 3623 populum
1279 3539 1338 3605 ha·

279 3635 370 3702 bitus
391 3637 506 3704 fuisse.

321 3758 354 3821 N
356 3782 402 3824 ou
427 3758 528 3826 modo
553 3760 589 3826 in
618 3764 862 3849 tepeyaquensi
878 3760 1032 3849 Templo,
1048 3784 1166 3829 verum
1182 3764 1286 3831 etiam
1302 3764 1339 3831 in

279 3860 357 3928 aliis
365 3862 504 3948 templis
519 3885 593 3930 mos
605 3865 767 3949 antiquus
778 3863 844 3931 fuit
855 3865 898 3932 de
911 3866 949 3931 B.
963 3866 1009 3931 M.
1023 3864 1062 3931 V.
1077 3866 1119 3932 de
1132 3867 1337 3956 Gnadelups

278 3970 461 4054 quotannis
483 3970 684 4037 concionari

322 4070 615 4139 Ann01680suas
644 4074 905 4143 constitutiones
928 4076 1021 4164 typis
1050 4076 1151 4143 edere
1166 4077 1339 4167 disposuit

279 4170 505 4260 congregatio
531 4175 819 4265 Guadalupensis,
832 4179 1019 4246 incivitate
1050 4180 1240 4263 Queretaro
1262 4180 1339 4251 ins-

320 4392 365 4472 (1)
406 4390 468 4450 Ubi
483 4411 578 4471 supra.
613 4418 619 4427 ·
