3625 5217
761 490 821 555 121

271 662 476 750 templorum
492 662 595 728 simul
610 673 645 728 et
660 662 910 727 solemnissime
927 662 1107 747 pulsentur
1123 658 1236 725 tribus
1253 660 1332 725 vici-

272 765 346 843 bus,
359 764 500 845 scilicet,
516 765 560 831 ad
575 787 744 843 auroram,
771 762 815 829 ad
827 763 1014 842 meridiem,
1039 770 1072 829 et
1085 762 1128 829 ad
1141 762 1242 829 finem
1259 786 1331 829 ves·

273 868 399 954 pertini
408 870 609 957 crepusculi,
620 874 656 935 et
665 876 704 936 ut
714 868 847 936 festivis
858 870 998 937 mncisis
1009 872 1245 939 instrumentis
1257 895 1331 959 per·

274 972 475 1039 sonantibus
492 974 611 1039 civitas
627 972 671 1038 ad
686 994 843 1039 auroram
860 974 1015 1040 ordinate
1039 980 1266 1063 percurratur,
1284 984 1334 1041 at-

273 1093 339 1157 que
351 1072 455 1140 etiam
471 1081 510 1141 ut
524 1075 593 1141 alia
602 1078 690 1162 grati
714 1075 818 1142 animi
835 1068 933 1163 signa
961 1076 1195 1157 ostendentur,
1211 1086 1246 1145 et
1273 1102 1335 1167 pu-

275 1172 387 1241 blicae
403 1176 565 1243 laetitiae.

318 1276 529 1365 Populorum
545 1303 643 1347 amor
657 1288 692 1348 et
707 1280 844 1347 devotio
858 1305 940 1369 erga
962 1282 1000 1347 B.
1017 1284 1056 1348 V.
1074 1282 1120 1349 M.
1138 1283 1180 1349 de
1196 1283 1334 1350 Guada-

278 1379 358 1467 lupe
374 1383 593 1451 maximaeet
638 1384 727 1451 Nam
742 1385 778 1451 in
793 1386 1014 1472 iestisipsius
1030 1386 1068 1451 B.
1087 1387 1132 1451 M.
1151 1386 1188 1453 V.
1207 1388 1336 1473 templa

275 1483 454 1571 replentur
482 1486 636 1553 fidelium
665 1490 897 1568 multitudine,
929 1489 972 1555 ad
1003 1512 1105 1575 quam
1137 1489 1337 1577 capiendam

277 1587 408 1673 templa
419 1588 497 1675 ipsa
506 1612 612 1677 parva
623 1591 715 1679 aliqu
721 1593 809 1659 ando
825 1592 994 1659 ridentur:
1007 1592 1131 1659 festum
1142 1590 1339 1679 Apparitio

278 1690 332 1757 nis
344 1692 494 1779 publicis
506 1695 658 1764 laetitiae
670 1697 778 1785 signis
788 1700 1122 1786 magnificentissime
1136 1704 1337 1773 celebratur.

279 1794 376 1861 Haeo
390 1800 597 1885 populorum
624 1803 763 1869 devotio
778 1808 961 1893 praecipue
983 1806 1176 1873 ostenditur
1191 1808 1226 1874 in
1241 1786 1339 1876 Teiu-

232 1918 236 1926 ·
279 1897 337 1984 plo
349 1898 620 1991 Tepeyaquensi‚
635 1906 671 1971 in
683 1930 753 1993 quo
764 1908 841 1995 ipsa
858 1910 979 1997 Imago
1009 1910 1047 1975 B.
1067 1910 1111 1975 M.
1129 1910 1167 1975 V.
1185 1912 1220 1976 in
1236 1912 1340 1980 Joan·

278 2000 573 2093 nisDidaciayatl
599 2012 744 2077 coelitus
755 2010 902 2101 depicta,
925 2036 1059 2079 summo
1075 2014 1205 2081 bonore
1232 2037 1341 2084 asser·

281 2110 388 2185 ratur,
404 2114 441 2174 et
456 2121 644 2179 veneratur.

323 2216 468 2304 Templa
482 2222 600 2301 multa,
630 2230 665 2290 et
680 2225 803 2291 altaria
828 2228 1083 2314 quamplurima
1114 2229 1149 2293 in
1178 2229 1342 2294 honorem

282 2318 321 2383 B.
338 2320 386 2386 ut
402 2320 441 2387 V.
458 2322 500 2389 de
516 2324 721 2415 Guadalupe
748 2336 862 2395 erecta
876 2338 966 2405 sunt,
984 2336 1019 2396 et
1045 2331 1343 2397 confraternitates

283 2424 386 2491 etiam
398 2428 591 2495 institutae:
605 2431 792 2517 imaginum
815 2441 929 2499 autem
955 2434 1065 2521 ipsius
1082 2434 1119 2499 B.
1137 2435 1175 2499 V.
1194 2435 1236 2499 de
1253 2434 1344 2503 Gua-

283 2526 419 2617 dalupe,
437 2536 507 2597 sire
520 2532 556 2596 in
568 2534 716 2619 templis,
727 2534 805 2599 sive
820 2534 1023 2601 infidelium
1039 2534 1209 2613 domibus,
1226 2534 1275 2601 ita
1290 2557 1345 2601 eo-

285 2631 384 2715 piosa
398 2642 452 2702 est
463 2634 659 2715 multitude,
675 2641 714 2701 ut
729 2638 900 2702 numerari
917 2660 985 2703 non
1001 2638 1143 2724 possint.

326 2756 369 2821 In
385 2756 534 2844 publicis
547 2756 801 2823 calamitatibus
817 2780 932 2845 saepe,
949 2765 984 2824 et
999 2758 1251 2824 solemnissima
1266 2780 1346 2845 snp-

287 2860 470 2948 plicatione
486 2859 523 2925 B.
541 2860 587 2925 M.
603 2860 642 2926 V.
660 2862 702 2926 de
721 2861 923 2947 Guadalupe
940 2861 1097 2927 invocata
1112 2868 1172 2929 est.

329 2967 488 3031 Annuum
500 2964 736 3051 Apparitionie
748 2965 874 3031 festum
884 2964 1005 3029 Officio
1018 2970 1052 3030 et
1064 2966 1174 3029 Missa
1187 2964 1346 3051 propriis,

288 3074 323 3135 et
337 3076 375 3135 at
390 3068 521 3157 primae
537 3067 638 3133 clasis
654 3068 847 3133 celebratur
859 3091 899 3131 ex
916 3068 1134 3132 concessione
1151 3064 1209 3133 SS.
1227 3068 1268 3132 D.
1282 3066 1347 3133 Be·

288 3172 416 3238 nedicti
427 3172 521 3249 XIV,
534 3171 593 3257 qui
609 3170 647 3236 B.
662 3172 708 3236 M.
723 3172 762 3236 V.
781 3170 823 3235 de
834 3170 1041 3257 Guadalupe
1055 3170 1239 3255 Patronem
1255 3169 1348 3257 prin·

290 3275 432 3362 cipalem
449 3275 549 3340 nobis
564 3274 667 3340 dedit.
714 3274 811 3339 Idem
835 3274 961 3338 festum
977 3272 1019 3338 de
1037 3278 1220 3359 praecepto
1236 3294 1350 3337 serva·

290 3384 346 3443 tur
360 3400 436 3445 cum
447 3377 656 3464 obligatione
668 3400 801 3443 sacrum
813 3376 975 3442 audiendi
991 3382 1025 3441 et
1039 3374 1194 3441 cessandi
1210 3375 1254 3438 ab
1270 3398 1350 3461 ope-

291 3480 386 3546 ribus
402 3482 593 3558 servilibus,
610 3480 703 3566 quod
733 3480 777 3545 ab
800 3478 960 3545 omnibus
990 3477 1218 3543 libentissime
1235 3476 1350 3543 obser-

294 3591 400 3651 ratur.

334 3706 431 3771 Haec
447 3712 561 3771 autem
577 3705 768 3790 theologice
793 3702 1055 3767 consideremus.
1088 3698 1137 3765 Ut
1152 3698 1282 3765 dictum
1298 3704 1352 3765 est

293 3816 327 3874 et
341 3808 513 3886 Pastores,
529 3815 565 3874 et
594 3809 725 3886 Clarus,
741 3812 776 3871 et
798 3806 958 3892 populus,
975 3810 1010 3868 et
1025 3802 1088 3867 viri
1119 3804 1301 3888 sepientes,
1318 3806 1353 3867 et

293 3913 352 3999 qui
368 3914 571 3979 auctoritate
602 3912 694 3976 cirili
710 3908 862 3975 decorati
877 3907 982 3985 fuere,
999 3929 1117 3971 omnes
1146 3904 1354 3969 unanimiter

294 4016 551 4103 apparitionem
567 4016 605 4081 B.
623 4014 669 4079 M.
688 4014 726 4079 V.
744 4012 786 4077 de
802 4010 1005 4096 Guadalupe
1019 4014 1116 4093 grato
1132 4006 1244 4071 animo
1261 4028 1354 4071 reco-

294 4122 377 4199 lant,
394 4128 429 4187 et
444 4119 642 4186 solemniter
665 4116 847 4192 celebrent,
871 4121 906 4179 et
921 4114 963 4205 in
973 4112 1120 4199 publicis
1151 4108 1354 4175 calamitati-

293 4222 357 4289 bus
372 4222 569 4309 Deiparam‚
586 4242 674 4305 quae
690 4218 889 4306 'l’epeyacac
903 4214 1162 4305 benignissima·
1179 4211 1352 4301 apparuit,

291 4322 528 4413 deprecantur,
545 4328 580 4389 et
594 4322 723 4409 templa
737 4321 773 4385 in
787 4319 862 4406 ejus
877 4318 1041 4384 honorem
1057 4316 1170 4381 dicata
1191 4315 1349 4401 frequen-
