3625 5217
821 604 886 675 289

334 796 423 845 anno
438 776 524 845 1829
537 776 606 845 hoo
619 776 732 847 titulo:
753 777 903 845 Hector-iu
916 780 1041 865 penerel
1050 779 1089 847 de
1102 780 1151 849 luc
1164 802 1253 849 corae
1263 781 1300 847 dc
1312 780 1399 849 Nuc-

332 891 534 979 qucpuau,
550 888 895 979 quemdooelibroep
922 890 1397 963 doavoltmeuereacrthidelll.

333 1000 374 1067 P.
392 1000 452 1065 Fr.
483 996 689 1063 Beruurdirw
717 996 950 1084 samque...
974 996 1167 1065 Duludlru
1190 1020 1247 1065 coa
1275 1004 1400 1085 uotcep

333 1104 535 1193 eaplcmeatoe
551 1104 664 1171 Ocalea
693 1106 809 1172 Maria
829 1106 868 1171 de
883 1106 1101 1172 Bralamoate.
1147 1104 1191 1172 In
1221 1104 1343 1193 primis
1357 1104 1399 1171 li·

334 1208 409 1277 bria
437 1208 541 1295 hujus
569 1208 687 1297 operia
714 1208 792 1275 iuee
821 1212 948 1276 tractat
983 1208 1020 1273 P.
1058 1206 1222 1297 Sahagun
1259 1208 1302 1277 de
1328 1210 1402 1278 ido·

334 1312 474 1381 lolatria
498 1311 719 1399 antiquorum
735 1315 998 1380 mexicanorum.
1021 1311 1169 1379 Nihilin
1183 1312 1255 1380 illia
1280 1312 1401 1381 adver·

334 1438 396 1485 aua
405 1414 666 1505 Apparitionem
681 1417 720 1485 B.
738 1418 785 1485 Μ.
801 1417 841 1485 V.
859 1418 902 1486 de
916 1420 1133 1511 Guadalupe:
1149 1419 1193 1489 de
1209 1420 1401 1489 aliisrebue

335 1530 461 1595 tractat
487 1525 524 1594 in
549 1525 627 1593 aliie
651 1526 760 1595 libris.
821 1531 862 1594 In
888 1528 1070 1597 undecimo
1096 1529 1187 1597 libro
1202 1532 1329 1597 tractat
1358 1526 1401 1599 du

335 1632 552 1713 animalibus,
564 1631 608 1701 de
631 1632 824 1715 arboribus,
849 1638 884 1701 et
907 1634 1036 1715 herbis,
1059 1632 1103 1705 de
1129 1632 1307 1723 lapidibus
1325 1654 1403 1721 pre·

336 1742 450 1823 ciceia,
480 1743 524 1811 de
539 1743 695 1811 lontibus
709 1749 746 1812 et
770 1744 982 1826 fluminibus,
1012 1744 1055 1813 de
1078 1746 1190 1813 terrae
1219 1741 1404 1830 qualitati-

335 1846 413 1926 bus,
435 1846 679 1929 dementibus,
705 1853 767 1915 etc.
812 1848 882 1915 Hic
895 1847 994 1927 liber,
1011 1847 1102 1915 siout
1116 1852 1152 1915 et
1167 1846 1302 1927 caeteri,
1319 1845 1404 1914 divi-

336 1946 431 2016 ditur
453 1948 489 2017 in
504 1950 665 2039 capitula,
681 1957 717 2019 et
731 1949 1084 2041 capituladividuutur
1109 1950 1146 2017 in
1157 1950 1402 2039 paragraphoa

337 2058 381 2124 In
402 2055 469 2124 hoc
483 2079 565 2147 ergo
580 2058 683 2137 libro,
696 2060 733 2127 in
748 2059 906 2148 capilli,
920 2059 1010 2125 inter
1021 2056 1276 2147 paragraphum
1290 2056 1342 2125 vl
1368 2062 1405 2126 et

337 2163 419 2244 VII,
435 2162 679 2253 interpositum
693 2164 826 2253 aliquid
841 2162 1025 2244 iuvenitur,
1040 2162 1136 2251 quod
1160 2184 1230 2231 non
1259 2167 1313 2231 est
1341 2184 1405 2231 neo

339 2276 528 2365 capitulum
540 2300 604 2345 nec
619 2276 867 2364 paragraphus,
877 2272 941 2341 aed
955 2274 1062 2341 habet
1076 2272 1142 2342 hoo
1157 2271 1311 2353 titulum,
1327 2270 1407 2341 Ocu·

339 2388 503 2459 tiaaucioa
531 2388 581 2455 del
608 2394 712 2455 calor.
748 2388 792 2455 In
820 2386 887 2454 hac
923 2384 1198 2467 continuatione,
1228 2366 1407 2453 decaeione

339 2501 479 2584 sumpta
489 2516 531 2561 ex
542 2516 584 2561 eo
596 2494 690 2582 quod
704 2495 770 2575 ins
786 2495 837 2562 VI
853 2494 984 2561 dictum
1008 2492 1121 2560 inerat
1148 2491 1192 2561 de
1223 2493 1407 2575 montibus,

284 2652 291 2664 .
339 2606 464 2675 notitia
489 2606 592 2674 datur
607 2606 769 2694 antiquae
785 2604 1000 2672 idololatriae
1017 2602 1107 2671 circa
1130 2606 1275 2675 montes:
1306 2606 1409 2687 atque

339 2713 420 2781 iude
442 2711 592 2800 sumpsit
607 2716 737 2779 textum
752 2711 892 2779 Murioa.
978 2740 981 2749 ·

382 2833 576 2926 Dicendum
606 2878 688 2944 ergo
710 2878 780 2923 uon
809 2856 1053 2923 tantummodo
1079 2857 1210 2923 textum
1240 2876 1262 2921 a
1282 2852 1412 2921 Marion

340 2967 536 3046 adductum,
566 2966 629 3035 eod
658 2970 768 3034 totam
795 2966 884 3032 hanc
911 2963 1186 3032 continuacionem
1210 2960 1351 3027 unctoria
1367 2960 1412 3027 ab

340 3080 410 3147 alio
424 3100 501 3147 ease
530 3075 762 3143 introductam
778 3075 816 3141 in
844 3074 936 3140 libro
953 3072 1007 3139 XI
1023 3070 1140 3160 operia
1168 3068 1206 3139 P.
1237 3068 1409 3157 Sahagun.

342 3190 442 3258 Nam.
487 3192 529 3253 l·⁰
571 3186 678 3254 Liber
693 3186 753 3252 ille
779 3183 982 3251 undecimus
1005 3179 1172 3248 dividitur
1200 3178 1238 3247 in
1260 3178 1413 3267 capitula

341 3306 377 3370 et
391 3298 543 3389 capitula
557 3294 759 3363 dividuntur
774 3292 811 3358 in
822 3289 1069 3380 paragraphus.
1113 3286 1210 3373 Quae
1225 3284 1417 3377 rationabi-¹

340 3414 385 3481 lie
399 3431 504 3479 cauea
518 3406 684 3493 assignari
701 3406 822 3491 poeeet
836 3404 877 3467 ut
886 3398 923 3465 P.
936 3398 1102 3484 Sahagun
1116 3398 1258 3483 repente
1272 3392 1414 3462 divisio·

342 3521 397 3589 nis
411 3514 609 3585 methodum
624 3509 854 3598 perturbaret,
868 3510 973 3591 atque
984 3503 1075 3571 inter
1087 3500 1211 3590 capitis
1227 3499 1301 3567 XII
1315 3520 1414 3587 para·

342 3628 513 3720 graphum
528 3622 580 3689 VI
594 3627 630 3690 et
644 3619 716 3687 VH
739 3621 901 3684 extraneo
932 3611 1032 3681 titulo
1058 3610 1155 3687 illam
1170 3608 1308 3677 auctora
1334 3606 1414 3675 Con-

342 3738 547 3807 tiuuutiorwm
562 3726 813 3819 interponeret?
835 3727 906 3794 Cur
921 3747 990 3792 non
1001 3714 1256 3813 paragraphum
1271 3720 1323 3787 VI
1336 3740 1415 3807 pro·

344 3848 485 3915 secutus
499 3844 554 3909 eat
578 3839 610 3907 ai
636 3838 705 3916 illa,
728 3834 869 3922 quaein
889 3832 1130 3901 Continuatioac
1143 3828 1314 3905 dicuntur,
1331 3845 1416 3911 qua-

344 3946 562 4030 lemcumque
591 3962 670 4007 cum
693 3940 796 4006 dictis
811 3938 847 4004 in
861 3937 924 4003 illo
940 3934 1157 4024 paragrapho
1173 3929 1416 4019 connexionem

347 4050 477 4117 habere
488 4044 675 4114 intellexit?
686 4043 757 4109 Aut
768 4042 838 4109 Gur
846 4064 916 4107 non
929 4044 963 4107 in
974 4040 1043 4107 alio
1055 4035 1273 4127 paragrapho
1285 4031 1346 4099 illa
1357 4053 1417 4119 po·

347 4156 428 4237 uuit,
443 4164 484 4224 ut
497 4150 681 4221 divisionis
691 4150 876 4217 methodus
890 4148 1101 4217 servaretur?
1122 4147 1165 4217 2?
1186 4142 1265 4211 Non
1281 4144 1315 4207 in
1326 4139 1416 4207 libro

343 4268 407 4350 XI,
422 4267 485 4339 aad
499 4267 537 4333 in
547 4265 667 4354 primia
692 4262 792 4331 libris
806 4264 933 4329 tractat
943 4259 981 4325 P.
998 4258 1161 4345 Sahagun
1172 4252 1216 4323 de
1231 4252 1337 4321 rebus
1369 4248 1416 4317 ad

341 4374 562 4464 antiquorum
590 4370 844 4440 mexicanorum
887 4365 1122 4443 idololatriam
1151 4358 1417 4453 pertinentibus3
