3625 5217
788 574 853 642 207

333 748 446 816 Etiam
469 748 590 813 Trium
606 747 739 813 dierum
755 744 1010 834 deprecationis
1026 744 1065 811 B.
1083 746 1130 811 M.
1141 744 1180 813 V.
1195 745 1238 811 de
1261 744 1354 812 Gua-

290 852 425 939 dalupe,
447 853 484 917 in
499 852 664 918 honorem
680 850 791 937 ipsius
806 848 1082 937 Apparitionum,
1099 849 1193 937 typis
1209 848 1260 916 ed.
1279 848 1352 915 lue-

290 978 326 1021 re
339 978 398 1023 sex
428 954 538 1021 millia
553 954 771 1040 exemplaria3
786 951 910 1018 deinde
926 973 1047 1017 novem
1064 952 1184 1032 millia;
1207 976 1352 1041 cumque

289 1082 411 1126 norem
432 1058 567 1123 vicibus
582 1056 705 1123 luisset
727 1056 822 1144 typis
852 1055 984 1121 editum
1000 1055 1066 1121 hoc
1082 1057 1297 1144 opusculum,
1315 1066 1354 1125 ut

289 1170 324 1229 et
339 1163 542 1251 Hispaniae,
567 1167 603 1228 et
625 1161 804 1227 Americae
829 1160 982 1227 fidelium
999 1158 1174 1226 foveretur
1200 1161 1348 1241 devotio,

289 1266 476 1333 distributa
502 1272 723 1333 recensentur
753 1266 937 1352 plusquam
961 1262 1214 1351 quinquaginta
1243 1266 1353 1333 millio

288 1378 498 1465 exemplaria
518 1377 622 1463 hujus
638 1376 807 1463 opusculi,
835 1380 973 1463 praeter
1003 1374 1191 1442 editionem
1221 1376 1353 1444 Romae

289 1480 422 1547 iactam.
449 1482 495 1564 (1)

330 1672 402 1738 136.
426 1674 606 1741 Palomino
622 1680 661 1737 D.
674 1672 855 1751 Antonius,
871 1671 993 1759 pictor,
1016 1670 1052 1735 in
1069 1690 1185 1757 opere,
1201 1668 1257 1735 cui
1272 1668 1354 1736 titu-

286 1773 341 1839 lus
356 1776 464 1840 Mareo
473 1777 635 1862 pictorico,
653 1798 729 1842 cum
751 1775 794 1841 de
818 1776 913 1842 cultu
930 1776 1123 1861 aliquarum
1145 1774 1353 1871 Imaginum

288 1883 327 1944 ut
338 1878 498 1945 ostendat
526 1878 700 1965 quomodo
730 1878 894 1966 pingendi
905 1879 973 1944 Ars
999 1879 1104 1947 etiam
1130 1878 1275 1945 coelitus
1307 1882 1355 1946 sit

287 1984 463 2061 honorata,
476 1981 738 2069 Apparitionem
758 1981 865 2047 refert
878 1982 1055 2049 Mexiceae
1071 1980 1351 2069 Guadalupensis

287 2086 448 2173 Virginis,
465 2087 607 2173 ejusque
624 2086 805 2173 imaginem
821 2084 987 2153 describit
1002 2087 1184 2173 eleganter.
1204 2086 1251 2171 (2)

329 2259 400 2325 137.
446 2259 477 2324 A
492 2259 618 2326 Sancto
633 2259 790 2345 Josepho
802 2258 857 2323 Fr.
872 2258 1079 2325 Francisons
1095 2279 1183 2345 opus
1199 2258 1350 2346 scripsit,

287 2361 341 2427 cui
356 2362 479 2428 titulus
523 2363 674 2429 Historia
699 2362 860 2427 universal
874 2362 912 2427 dc
934 2362 967 2427 lc
975 2362 1149 2449 primitiva
1164 2383 1186 2447 y
1202 2362 1353 2447 milupro·

285 2487 323 2530 aa
337 2465 465 2549 Imcipeu
480 2466 518 2531 dc
533 2468 575 2531 N.
594 2465 718 2533 Seuera
731 2468 770 2532 dc
805 2464 1002 2551 Ouodolupe.
1049 2464 1133 2552 Typ.
1149 2463 1202 2531 ed.
1216 2466 1353 2533 Matriti

285 2589 373 2632 anno
390 2568 482 2633 1743«
528 2570 668 2637 Tractat
683 2571 814 2657 absque
830 2570 938 2637 dubio
951 2570 1017 2637 hoc
1032 2593 1120 2657 opus
1136 2572 1179 2640 de
1195 2573 1256 2639 illo
1272 2576 1354 2641 ima-

285 2676 373 2762 gine,
386 2666 474 2763 qirae
484 2678 676 2765 Hispaniae
688 2680 737 2747 ita
749 2680 1021 2767 cognominatur;
1033 2701 1151 2745 verum
1164 2682 1267 2747 etiam
1279 2683 1353 2750 Me·

285 2779 378 2847 ricae
394 2780 673 2869 Guadalupensis
688 2783 855 2871 Imaginis
877 2782 1058 2849 historiam
1074 2782 1188 2851 refert.
1231 2784 1300 2853 Sed
1316 2786 1353 2853 in

286 2883 349 2949 hoc
363 2886 490 2950 erravit
505 2884 561 2951 hic
577 2892 695 2952 auctor
724 2886 818 2973 quod
847 2886 1040 2953 Mexiceam
1068 2884 1257 2974 Imaginem
1288 2888 1350 2969 illi,

284 3009 371 3073 quae
386 2988 577 3075 Hispaniae
592 2996 783 3067 veneratur,
807 2990 1016 3055 conformem
1031 2988 1133 3056 dicat
1161 2991 1207 3075 (3)

327 3161 398 3226 138.
422 3162 551 3227 Ibafiez
566 3160 609 3227 de
620 3162 654 3227 la
666 3161 830 3227 Renteria
839 3160 880 3226 D.
897 3162 921 3228 J
922 3161 1083 3249 osephus‚
1100 3162 1241 3242 Doctor,
1258 3162 1350 3230 Gua-

285 3262 485 3351 dulupensis
510 3264 748 3350 Apparitionis
771 3264 928 3331 meminit
956 3265 993 3329 in
1008 3286 1121 3351 opere,
1145 3266 1200 3331 cui
1227 3266 1349 3337 titulus

286 3366 360 3431 Luc
374 3367 551 3435 Coumoocl.
570 3368 674 3434 Paris.
685 3368 817 3455 edtyp.
832 3367 911 3434 edit.
928 3367 973 3451 (4)
985 3367 1035 3433 Ut
1046 3372 1201 3435 exterum
1215 3368 1348 3437 adduco

284 3474 374 3539 hunc
389 3478 564 3540 auctorem
580 3498 648 3539 non
677 3473 781 3538 modo
797 3477 941 3559 propter
953 3472 1068 3537 locum
1096 3472 1157 3539 ubi
1172 3472 1266 3562 typis
1281 3474 1348 3542 fuit

284 3579 357 3665 ejus
386 3602 484 3666 opus,
502 3603 619 3646 verum
635 3582 739 3649 etium
755 3605 797 3648 eo
813 3581 907 3667 quod
933 3580 1198 3669 bibliographus
1228 3588 1346 3651 noster

283 3681 456 3749 Beristain
471 3705 549 3747 oum
565 3706 634 3748 non
649 3682 794 3750 adduxit
809 3683 846 3748 in
861 3706 925 3748 sua
934 3682 1163 3749 Bibliotheca

286 3803 413 3815 —u-

326 3875 368 3949 (r)
390 3876 549 3935 Teobaldo
565 3873 685 3941 Rivera.
701 3874 753 3933 ubi
771 3894 868 3951 supra.

324 3974 367 4049 (2)
410 3975 572 4049 Oquendo,
589 3973 641 4032 ubi
669 3994 767 4051 supra,
783 3974 865 4034 olim.
891 3971 1113 4051 502.-—Guridi
1141 3972 1275 4045 Alcoser,
1291 3974 1344 4033 ubi

284 4090 319 4129 su
343 4091 383 4131 ra.

322 4091 366 4246 li)
409 4172 572 4249 Oquendo,
587 4171 638 4231 ubi
665 4190 763 4249 supra,
779 4172 862 4230 uum.
886 4168 1109 4249 5oo.—Guridi
1134 4168 1268 4242 Alcoser,
1293 4166 1344 4229 ubi

282 4288 377 4345 supra

323 4350 366 4433 to
408 4350 661 4433 Guridialcoser,
677 4352 729 4419 ubi
754 4372 851 4435 supra
