3625 5217
762 586 828 670 269

279 752 434 841 Civitatis
447 770 580 841 incolae
610 772 672 859 qui
694 774 846 841 metallis
874 774 1080 843 effodiendis
1109 764 1345 855 intendebant,

277 881 377 963 atque
392 876 497 944 etiam
512 876 607 965 typis
630 876 738 945 luisse
753 878 867 945 editas
890 878 978 945 alias
997 878 1178 947 conciones
1205 878 1344 946 habitas

277 982 310 1045 in
324 980 522 1047 civitatibus
533 982 722 1063 Queretaro
737 987 773 1049 et
784 982 977 1049 Zacatecas

316 1102 416 1180 Anno
431 1104 524 1169 1756.
572 1100 772 1189 Capitulum
802 1102 1021 1169 Cathedralis
1045 1102 1175 1167 Eccles.
1204 1100 1343 1169 Gunde-

276 1202 336 1269 laa
353 1206 505 1273 decrevit
519 1206 645 1275 festum
661 1207 701 1272 Β.
732 1206 780 1271 Μ.
797 1206 839 1271 V.
851 1207 895 1273 de
911 1206 1127 1293 Guadalupe,
1145 1210 1306 1293 quoniam
1324 1228 1344 1271 a

276 1306 414 1375 Summo
429 1310 593 1378 Pontifice
609 1313 722 1377 lorum
749 1312 927 1395 llepuorum
957 1310 1108 1375 Patrona
1134 1310 1344 1399 Principalis

276 1432 435 1479 concessa
453 1414 531 1495 luit,
554 1416 674 1481 eadem
695 1415 914 1507 solemnitate
939 1412 1181 1479 celebrandum
1209 1414 1244 1480 in
1267 1414 1344 1501 ipsa

276 1514 430 1583 Ecclesia
445 1518 655 1597 cathedrali,
667 1516 873 1603 qualestum
900 1518 1160 1604 Assumptionis
1174 1517 1285 1605 ipsius
1301 1518 1342 1583 Β.

277 1618 320 1684 Μ.
331 1621 370 1685 V.
384 1622 633 1703 celebrabatur,
646 1622 788 1699 scilicet,
802 1620 972 1687 cantando
985 1621 1114 1707 primas
1124 1622 1296 1707 Vesperas
1308 1626 1343 1687 et

278 1719 490 1799 llatotinum,
517 1732 554 1792 et
571 1724 678 1791 llissa
707 1724 863 1803 solemni,
894 1729 930 1789 et
957 1724 1120 1790 concione
1148 1724 1267 1791 habita
1298 1725 1342 1791 ed

277 1826 448 1913 populum.
479 1828 595 1915 Atque
610 1828 714 1895 etiam
732 1828 869 1894 mittere
896 1827 1050 1893 decrevit
1066 1828 1110 1893 ad
1141 1828 1341 1895 Antistitem

276 1934 377 2015 atque
408 1930 614 2019 adRegium
641 1930 903 1997 Guadalararae
920 1930 1152 2009 Auditorium,
1169 1938 1208 1997 ut
1223 1952 1342 1997 eorum

277 2032 477 2100 auctoritate
500 2035 702 2122 respective,
726 2034 853 2100 festum
877 2034 1149 2100 ecclesiasticum
1172 2034 1215 2100 de
1246 2056 1343 2121 prae·

276 2140 384 2221 cepto,
413 2142 449 2203 et
478 2139 578 2205 civile
610 2139 798 2205 haberetur
823 2138 899 2203 dies
926 2138 967 2202 12
992 2137 1210 2215 Decembris
1236 2142 1342 2223 atque

275 2252 374 2315 etiam
390 2250 487 2317 misit
502 2250 546 2317 ad
558 2250 739 2316 Praelatos
754 2248 942 2334 regulares,
969 2254 1009 2314 ut
1025 2270 1094 2313 uno
1121 2270 1162 2311 ex
1179 2246 1342 2333 Capitulo

274 2374 340 2418 uuo
355 2375 445 2419 anno
460 2352 657 2419 concionem
674 2353 823 2430 dicente,
834 2353 901 2441 ipsi
915 2352 1038 2417 deinde
1055 2350 1343 2415 concionarentur

274 2456 464 2523 successive
479 2457 516 2522 in
531 2456 620 2523 festo
637 2457 676 2522 Β.
693 2457 739 2522 Μ.
753 2457 794 2522 V.
808 2456 851 2521 de
864 2455 1081 2543 Guadalupe,
1102 2458 1148 2535 (1)
1165 2452 1259 2538 quod
1275 2452 1343 2519 luit

273 2556 307 2621 in
321 2580 388 2623 usu
402 2581 514 2644 usque
541 2558 585 2623 ad
600 2558 844 2623 extinctionem
861 2556 1145 2622 communitatum
1162 2554 1341 2640 religioso·

275 2682 350 2726 rum
367 2661 444 2748 lege
467 2662 570 2727 civili.

314 2765 415 2830 Anno
430 2766 515 2831 1756
532 2764 577 2830 611
600 2764 760 2851 Hispano
789 2764 884 2850 Rege
915 2770 1137 2851 praeceptum
1168 2762 1233 2827 luit
1248 2760 1342 2847 quod

274 2866 306 2932 in
322 2867 483 2934 omnibus
505 2868 724 2935 testamentis
754 2869 905 2953 legatum
921 2868 1116 2935 necessario
1132 2866 1343 2951 relinquere·

274 2976 329 3037 tur
344 2970 521 3036 Ecclesiae
537 2972 748 3057 Collegiatae
763 2971 802 3036 Β.
820 2972 865 3037 Μ.
883 2972 922 3039 V.
937 2972 979 3039 (16
996 2970 1208 3057 Guadalupe.
1229 2972 1275 3053 (2)

313 3074 413 3140 Anno
428 3074 513 3140 1762
530 3075 698 3141 Advocati
714 3075 854 3141 titulum
869 3076 1038 3142 habentes
1054 3074 1090 3140 in
1110 3072 1229 3139 Marici
1246 3073 1341 3151 urbs,

273 3179 419 3264 primum
446 3178 572 3245 festum
602 3180 820 3247 celebrarunt
849 3182 885 3247 in
916 3182 1078 3248 honorem
1110 3182 1149 3247 B.
1164 3180 1210 3247 M.
1243 3180 1283 3246 V.
1299 3179 1341 3247 de

274 3282 478 3368 Guadelupe
493 3282 529 3347 in
552 3285 737 3370 specialem
761 3285 945 3351 Patronem
962 3286 1030 3351 sibi
1045 3286 1185 3351 electae.
1214 3287 1260 3363 (3)

313 3388 415 3453 Anno
431 3390 524 3466 1766,
537 3390 808 3473 etsequentibus
820 3390 1112 3455 Archidioecesim
1128 3388 1215 3455 rexit
1230 3388 1342 3455 Maxi·

274 3520 389 3565 canam
404 3500 514 3565 Rmus
529 3500 571 3564 D.
602 3500 807 3566 Francisous
836 3500 1007 3566 Antonius
1036 3500 1245 3577 Lorenzana,
1278 3499 1339 3585 qui

273 3608 392 3688 postea
406 3603 565 3669 Toletum
581 3603 769 3669 translatus
784 3604 858 3684 luit,
875 3610 979 3690 atque
996 3604 1099 3670 etiam
1115 3605 1205 3671 inter
1221 3604 1246 3669 S
1271 3602 1341 3669 Ro-

274 3734 391 3780 manae
419 3714 596 3780 Ecclesiae
620 3714 820 3781 cardinales
842 3716 910 3781 luit
932 3721 1182 3783 annumeratus.
1230 3716 1283 3781 De
1300 3714 1340 3779 B·

318 3929 365 4007 (1)
409 3934 486 3990 Acta
502 3930 594 4009 capit.
611 3930 673 3991 diei
692 3951 728 4003 14
744 3929 943 4009 Septembris.
960 3930 1035 3989 anni
1056 3932 1142 4007 1756.

314 4048 358 4123 (2)
401 4046 564 4123 Oquendo,
591 4047 698 4108 Disert.
716 4048 828 4107 Histor.
847 4050 936 4109 sobre
961 4049 988 4106 la
1003 4046 1175 4123 Aparicion,
1191 4059 1247 4107 etc.
1266 4058 1336 4107 tom.

275 4163 300 4217 2,
314 4164 378 4224 cap.
394 4150 423 4219 8,
439 4148 455 4224 ᾖ
472 4166 498 4222 7,
515 4148 566 4207 ubi
581 4150 682 4225 aliqua
690 4148 730 4209 de
744 4148 835 4224 hujus
858 4148 946 4225 legati
960 4146 1155 4223 antiquitate.

312 4244 356 4327 (3)
398 4246 556 4321 Beristain,
572 4247 693 4309 Bibliot
708 4260 761 4308 art.
778 4249 910 4309 Partello
934 4250 966 4307 P.
981 4248 1056 4325 Just
1070 4246 1182 4327 Julian.

1167 4342 1211 4415 34
