3625 5217
988 520 1050 587 112

487 691 544 773 sit;
559 700 595 761 et
609 693 769 760 similiter
780 693 862 761 licet
876 692 968 759 idem
983 692 1148 781 Superior
1177 688 1221 755 ad
1243 687 1390 753 duorum
1404 683 1460 751 rel
1474 682 1548 772 plu·

486 797 576 863 rium
598 798 765 863 librorum
794 796 1054 883 impressionem
1083 794 1235 881 potuerit
1259 788 1433 858 licentiam
1457 786 1547 865 dare,

488 899 706 966 manifestum
737 900 803 967 erit
832 924 873 966 ex
899 899 1126 986 scriptoribus
1152 898 1336 965 mexioanis
1361 908 1399 963 et
1425 896 1549 963 exteris

488 1002 607 1088 quide
623 1003 847 1089 Apparitione
863 1008 1061 1080 tractavere,
1077 1007 1112 1067 et
1126 1024 1168 1068 ex
1178 1000 1272 1081 viris,
1297 998 1357 1087 qui
1368 999 1477 1065 libros
1491 1020 1549 1087 ap-

487 1104 727 1192 probaverunt,
738 1106 792 1171 rel
802 1105 861 1191 qui
873 1103 1280 1171 licentiamadlibrorum
1291 1102 1547 1189 impressionem

488 1220 737 1292 concesserunt,
750 1214 931 1280 maximam
944 1214 1077 1301 copiam
1089 1212 1282 1300 sapientum
1295 1216 1442 1279 virorum
1458 1210 1548 1277 Gua-

489 1317 712 1404 dalupensem
730 1318 990 1404 Apparitionem
1011 1316 1293 1395 confirmantium,
1304 1314 1485 1403 etpublicc
1498 1336 1547 1381 as-

490 1420 675 1487 serentium
688 1421 817 1486 habsri
842 1420 880 1487 Si
892 1426 1006 1487 autem
1019 1420 1154 1507 pondus
1167 1420 1382 1487 auctoritatis
1398 1418 1550 1485 attenda-

458 1522 467 1543 ⁹
491 1522 749 1601 mus,·omnibus
760 1530 879 1590 notum
889 1530 942 1591 est
957 1530 1086 1609 quanta
1097 1522 1225 1589 fuerint
1240 1522 1383 1589 scientia
1402 1521 1549 1608 praediti

492 1646 594 1709 quam
610 1625 751 1711 plurimi
766 1627 827 1712 qui
842 1625 884 1692 de
900 1626 965 1692 hac
986 1650 1022 1691 re
1039 1626 1262 1713 scripserunt,
1279 1631 1314 1692 et
1329 1630 1460 1710 quauta
1474 1646 1551 1689 cau·

492 1725 561 1790 tela
576 1731 611 1791 st
625 1725 809 1812 prudentia
820 1725 865 1791 ad
876 1726 984 1793 libros
997 1725 1245 1813 imprimendos
1272 1725 1291 1791 ἐ
1307 1724 1476 1791 Praelatis
1488 1726 1551 1790 Ec·

492 1827 694 1893 clesiasticis
708 1829 848 1895 licentia
877 1829 1093 1907 concedetur3
1114 1834 1217 1915 atque
1247 1829 1351 1894 etiarn
1366 1833 1486 1894 notum
1499 1833 1551 1894 est

493 1928 536 1994 ad
554 1930 662 1997 libros
674 1932 926 2011 examinandos,
937 1939 976 1999 ut
988 1931 1166 2019 praedicta
1175 1931 1315 1997 licentia
1336 1929 1549 2009 concedatur,

493 2032 584 2099 viros
594 2034 681 2121 elegi
697 2035 923 2121 sapientiores
935 2040 969 2101 et
985 2034 1233 2123 prudentiores.
1251 2034 1457 2100 Nullatenus
1472 2056 1550 2120 ergo

494 2135 700 2202 credendum
712 2143 764 2205 tot
775 2138 883 2203 libros
895 2138 937 2204 de
950 2136 1176 2225 Apparitione
1188 2137 1226 2202 B.
1242 2137 1287 2201 M.
1305 2136 1343 2203 V.
1358 2136 1400 2203 de
1417 2136 1552 2203 Guada·

494 2238 575 2325 lupe
591 2240 745 2325 potuisse
758 2240 872 2319 scribi,
885 2246 921 2307 et
932 2240 1127 2328 approbari,
1153 2246 1188 2306 et
1196 2238 1337 2305 licentia
1362 2239 1552 2305 necessaria

496 2343 642 2427 imprimi
658 2343 725 2408 nisi
740 2366 820 2409 vera
834 2343 1005 2411 docerent.

537 2464 587 2529 3.⁰
632 2463 802 2529 Mericani
817 2464 1003 2552 scriptores
1019 2464 1079 2549 qui
1095 2462 1137 2529 de
1152 2462 1378 2550 Apparitione
1393 2464 1433 2529 Β.
1451 2464 1496 2530 Μ.
1513 2462 1550 2529 V.

495 2567 538 2632 de
554 2567 758 2655 Guadalupe
782 2572 982 2645 tractavere,
999 2567 1043 2633 ab
1059 2565 1136 2653 ipso
1152 2573 1305 2654 tempore
1317 2566 1552 2655 Apparitionis

495 2694 605 2757 usque
628 2672 856 2759 adpraesens
879 2678 1015 2759 tempus
1046 2693 1121 2737 sese
1151 2669 1349 2737 succedunt:
1364 2694 1482 2737 eorum
1498 2692 1553 2739 au·

496 2783 565 2843 tem
582 2798 686 2863 opera
697 2777 751 2842 rel
763 2775 938 2862 opuscula,
949 2775 1020 2841 sive
1034 2778 1272 2861 manuscripts,
1289 2774 1361 2842 si”e
1377 2776 1471 2863 typis
1486 2775 1553 2841 sdi-

496 2887 541 2960 ta,
558 2879 710 2945 unanimi
725 2880 876 2945 omnium
889 2879 1121 2966 acceptatione
1139 2888 1177 2948 ut
1192 2906 1271 2949 vera
1286 2904 1422 2969 semper
1437 2880 1553 2947 habita

496 2992 585 3052 sunt
628 2984 730 3052 Unde
754 2990 852 3072 patet
866 3008 907 3051 ex
922 2988 1127 3075 scriptorum
1159 2988 1328 3055 constanti
1359 2984 1553 3055 testimonio

498 3103 734 3185 argumentum
764 3096 884 3164 deduci
900 3098 1065 3163 invictum
1092 3103 1279 3185 perpetuae
1309 3120 1372 3165 nec
1387 3098 1554 3183 interrup-

498 3208 553 3271 tae
569 3202 766 3269 traditionis
780 3200 823 3269 de
838 3200 1064 3290 Apparitiona
1092 3202 1131 3267 Β.
1148 3202 1194 3268 Μ.
1226 3200 1265 3267 V.
1283 3200 1327 3268 de
1342 3200 1553 3289 Guadalupe,

497 3306 667 3394 planaque
682 3305 910 3374 demonstrari
933 3304 1043 3394 ipsius
1065 3304 1302 3393 Apparitionis
1318 3304 1496 3373 veritatem
1511 3300 1553 3371 ab

499 3410 658 3477 omnibus
672 3408 817 3477 admitti.
840 3408 1037 3476 Roboretur
1053 3408 1118 3475 hoc
1133 3414 1371 3493 argumentum
1395 3430 1437 3475 ex
1451 3406 1555 3496 scrip·

500 3513 634 3581 toribus
649 3513 785 3591 exteris,
802 3513 861 3599 qui
876 3510 1137 3600 Apparitionsm
1153 3510 1191 3578 B.
1210 3511 1256 3577 M.
1273 3510 1312 3579 V.
1330 3510 1373 3577 de
1385 3508 1558 3579 Guadalu.

499 3640 542 3703 pe
558 3621 765 3695 enarrantes,
788 3616 961 3682 licentiam
980 3614 1168 3693 Pastorum,
1185 3620 1220 3681 et
1236 3636 1412 3681 assensum
1425 3614 1558 3703 sapien·

502 3725 583 3799 tum,
599 3724 635 3785 et
643 3719 849 3806 populorum
861 3718 1014 3785 fidelium
1030 3718 1122 3807 piam
1138 3718 1239 3784 iidem
1265 3718 1489 3785 obtinuerunt
1503 3740 1557 3785 ex·

501 3831 556 3891 tra
569 3822 751 3889 Mexicum.

543 3928 593 3992 4.0
639 3926 682 3991 In
696 3924 924 4013 scriptoribus
953 3924 1013 4010 qui
1029 3924 1071 3991 de
1086 3924 1312 4011 Apparitions
1342 3924 1381 3989 Β.
1399 3924 1445 3991 Μ,
1462 3924 1501 3991 V.
1517 3922 1557 3991 de

501 4030 705 4117 Guadalupe
721 4033 920 4104 tractarunt,
937 4049 1005 4092 non
1019 4026 1122 4093 modo
1138 4027 1294 4093 miraculi
1315 4026 1462 4093 historia
1477 4024 1558 4115 legi-

501 4138 567 4213 tur,
582 4155 699 4199 verum
715 4130 919 4199 etiam'varii
948 4130 1083 4219 generis
1105 4127 1361 4208 demonstratio,
1392 4129 1490 4217 cujus
1503 4128 1557 4196 fir·

499 4236 657 4303 mitatem
668 4257 767 4301 nemo
782 4254 933 4321 unquam
949 4232 1063 4319 potuit
1078 4230 1297 4309 labefactam
1311 4236 1351 4299 ut
1366 4231 1501 4319 patebit
1521 4232 1556 4298 in

530 4340 667 4405 luticne
687 4336 929 4424 objectionum.
