3625 5217
780 494 843 567 109

278 662 448 748 Narratio,
465 668 525 735 ubi
539 666 583 735 de
598 670 825 751 mirabilibus,
836 672 994 741 undecim
1006 671 1242 741 tantummodo
1254 692 1334 737 enu-

276 777 394 851 merat;
415 777 547 840 atvero
569 774 631 839 illa
655 797 759 861 quam
787 776 881 843 Lazo
895 776 938 843 de
968 778 1003 843 la
1017 777 1113 865 Vaga
1141 776 1235 863 typis
1264 774 1335 841 edi·

275 880 335 963 dit,
352 884 398 969 (1)
415 882 673 969 quatuordecim
699 887 804 953 reiart
830 892 1013 973 antequam
1029 886 1072 953 de
1088 886 1160 953 vita
1174 892 1209 953 et
1224 892 1333 951 morte

273 987 417 1054 Joannis
431 988 556 1055 Didaci
572 991 678 1058 rerba
692 990 803 1057 iaciat

250 1128 253 1133 ·
316 1092 361 1157 5?
402 1092 440 1159 P.
457 1094 638 1162 Florencia
652 1096 689 1161 18
703 1118 807 1183 opere
823 1096 879 1161 cui
893 1096 1017 1163 titulus
1032 1094 1169 1159 Est-reta
1182 1096 1231 1161 del
1246 1094 1333 1161 Nor·

275 1195 354 1260 tede
377 1196 506 1277 Macte,
538 1198 638 1284 quasi
653 1198 695 1265 de
722 1199 858 1265 duabus
886 1199 1039 1285 antiquis
1069 1197 1333 1265 Narrationibus

275 1300 458 1369 mexicanis
472 1302 711 1389 Apparitionis
727 1307 854 1369 tractat
868 1302 911 1369 de
934 1302 995 1369 1118
1010 1302 1250 1388 antiquissima
1264 1325 1334 1368 ma·

275 1404 459 1492 nnscripta,
475 1411 511 1471 81
536 1404 579 1471 (18
595 1406 664 1486 1118,
680 1429 784 1493 quam
799 1407 923 1473 deiude
940 1406 1034 1495 typis
1060 1405 1169 1473 edidit
1184 1406 1275 1473 Lazo
1290 1407 1333 1473 de

275 1506 310 1571 la
322 1504 424 1593 Vaga
469 1506 558 1573 Nam
573 1507 616 1572 de
628 1508 869 1594 antiquissima
879 1510 1113 1597 manuscripta
1124 1516 1249 1577 tractat
1260 1536 1332 1603 cap.

275 1608 376 1687 XIII,
392 1608 436 1695 §d
447 1610 477 1687 8,
493 1610 623 1689 98110,
639 1634 782 1697 eamque
795 1610 955 1677 attribuit
964 1612 1099 1677 cuidam
1113 1614 1335 1697 franciscan03

275 1712 374 1779 (18·88
387 1718 513 1791 881818,
528 1735 617 1799 quae
647 1714 770 1780 deinde
787 1714 879 1802 typis
894 1714 989 1780 edita
1003 1714 1078 1796 fuit,
1110 1724 1242 1799 tractat,
1261 1744 1332 1809 cap.

275 1815 369 1895 XVI,
385 1816 474 1883 mim.
493 1817 555 1881 199
567 1821 602 1882 81
631 1817 703 1896 200,
720 1839 863 1903 eamque
889 1817 1050 1885 attribuit
1065 1820 1167 1885 alicui
1183 1822 1264 1888 indo
1294 1848 1334 1891 ex

275 1918 355 1998 illis,
371 1918 479 2005 quiin
491 1919 731 2005 antiquissimo
746 1920 891 2007 collegio
900 1920 1046 1987 Sanctae
1057 1922 1177 1989 Crucis
1189 1924 1233 1990 ad
1245 1926 1335 1991 Tlal-

276 2021 400 2087 teloloo
415 2022 554 2087 fuerunt
569 2021 704 2087 eruditi.
743 2022 790 2088 Et
805 2022 929 2089 Guridi
945 2024 1087 2091 Alcoser
1103 2027 1148 2111 (2)
1165 2028 1251 2093 (1888
1267 2029 1337 2094 Nar

275 2130 426 2195 rationes
441 2136 481 2195 ut
495 2129 540 2195 ab
554 2128 699 2195 invicem
715 2128 897 2195 distinctas
914 2128 1062 2194 adducit

318 2226 492 2312 Quantum
522 2229 566 2294 ed
595 2228 782 2295 secundum
806 2228 983 2295 sciendum
1013 2236 1067 2293 est
1096 2229 1335 2297 Narrationem

275 2330 489 2397 Maxicanam
505 2329 782 2417 Guadalupenais
797 2328 1047 2416 apparitionis,
1068 2352 1170 2415 quam
1186 2330 1278 2397 Lazo
1294 2332 1336 2399 (18

276 2434 311 2500 18
325 2434 421 2520 Vaga
430 2434 524 2520 typis
536 2432 657 2512 edidit,
670 2432 866 2499 nullatenus
878 2431 924 2497 ab
939 2454 979 2498 eo
995 2431 1158 2518 scriptam
1174 2431 1243 2509 dici
1258 2456 1337 2520 pos-

276 2558 413 2603 aetnam
424 2536 461 2601 P.
476 2536 664 2613 Florencia,
680 2542 834 2623 utsupra
845 2534 975 2601 dictum
989 2535 1154 2614 catillum
1165 2534 1287 2604 habuit
1299 2546 1337 2604 ut

277 2638 562 2725 antiquissimam:
576 2645 613 2704 et
627 2638 787 2703 similiter
801 2637 843 2702 D.
867 2638 1078 2703 Laurentius
1104 2638 1273 2718 Boturini,
1290 2642 1336 2725 (3)

277 2743 339 2828 qui
353 2745 428 2830 ejus
457 2748 630 2807 auctorem
645 2740 883 2827 Apparitionis
899 2742 1046 2827 tempori
1075 2764 1214 2807 coevum
1231 2744 1337 2809 fuisse

277 2847 460 2924 8118118188
474 2844 568 2931 quod
583 2844 741 2930 promisit
756 2866 793 2910 88
808 2844 1021 2909 inconcussis
1034 2846 1244 2933 argumentis
1260 2869 1338 2933 pro-

276 2954 438 3021 baturum
453 2953 489 3018 18
503 2952 661 3018 Historia
690 2950 729 3016 B.
746 2950 793 3017 111
810 2950 849 3016 V.
868 2949 911 3015 de
942 2948 1155 3037 Guadalupe,
1188 2954 1241 3015 cui
1257 2972 1337 3037 ope-

277 3080 351 3123 ram
366 3055 482 3133 dabat;
496 3060 531 3121 81
559 3054 693 3119 1818188
707 3053 781 3138 ejus
810 3052 1049 3137 antiquitatem
1065 3053 1231 3133 stabilire,
1257 3054 1338 3119 licet

277 3159 437 3239 breviter,
454 3164 551 3224 curat
565 3178 606 3222 ex
621 3156 692 3222 illis
708 3156 806 3243 ipsis,
818 3178 907 3241 quae
920 3158 957 3220 in
972 3156 1148 3243 praedicta
1163 3156 1338 3223 Narratio·

278 3285 320 3329 na
336 3263 496 3349 leguntur
512 3260 572 3325 ubi
587 3259 753 3324 miracula
764 3264 890 3323 narrat·

321 3348 495 3431 Quantum
526 3346 570 3410 ad
599 3345 749 3423 tertium,
779 3344 909 3410 indicat
938 3344 1120 3411 Florencia
1151 3346 1195 3429 (4)
1212 3346 1249 3409 in
1277 3344 1339 3409 illo

278 3450 511 3536 manuscripto
526 3448 687 3513 informa
710 3447 904 3526 Annalium,
917 3448 974 3513 'de
1002 3470 1072 3533 quo
1100 3448 1256 3513 notitiam
1280 3448 1339 3513 ha·

278 3554 355 3621 buit
383 3552 477 3639 quod
492 3549 585 3638 apud
613 3549 652 3614 P.
667 3549 852 3615 Baithasar
877 3550 1048 3616 Gonaalez
1070 3550 1217 3630 extabat,
1236 3550 1339 3615 collo·

277 3664 462 3751 quntiones
491 3660 531 3725 B.
548 3660 594 3725 M.
611 3658 650 3725 V.
668 3663 703 3723 81
732 3658 878 3723 Joanuis
892 3657 1017 3723 Didaci
1043 3654 1204 3722 enarrari.
1243 3654 1340 3719 Haec

319 3850 364 3917 (ι)
409 3837 552 3897 Videatur
566 3833 596 3892 in
612 3831 732 3891 Bibliot.
749 3830 871 3908 publica
885 3828 1147 3892 Guadalaxsrensi.

318 3948 361 4020 (2)
405 3938 561 4015 Apologia
575 3937 615 3996 de
630 3938 658 3993 18
681 3936 851 4016 Aparicion,
870 3948 937 4005 etc,
956 3952 1020 4011 cap.
1041 3952 1085 4011 15,
1103 3932 1153 3993 ubi
1169 3930 1207 3991 de
1222 3930 1342 4007 scripto·

277 4042 367 4103 ribus.

316 4147 362 4221 (3)
404 4142 551 4219 Catslogo
565 4142 615 4201 del
629 4142 738 4199 Museo
755 4136 893 4207 Indiaue,
912 4138 989 4211 §34,
1011 4134 1094 4193 81181.
1111 4150 1137 4207 3.

315 4247 361 4319 (4)
404 4242 531 4303 Estrella
544 4241 595 4301 del
609 4240 704 4300 Norte
718 4239 758 4299 de
774 4235 905 4308 Marco,
920 4252 985 4311 cap.
1004 4232 1089 4292 XVI.
1106 4234 1193 4289 num.
1212 4248 1278 4391 1118.
