3625 5217
815 471 855 550 ιιι

307 669 383 720 cum
406 641 450 722 ml
466 653 631 742 templum
662 660 721 721 tuo
748 654 876 723 honore
902 654 1064 737 dicatum,
1094 658 1234 726 Domini
1258 657 1367 730 nostri

306 756 504 825 Ministrum
513 763 549 826 et
558 757 777 826 Sacerdotem
787 766 941 827 nostrum
951 768 1143 844 vocaturus,
1156 765 1217 852 qui
1226 767 1300 854 ejus
1310 791 1368 834 au·

306 859 647 941 diatconlesslonem‚
660 867 763 948 etque
775 885 873 930 sacro
902 864 980 931 oleo
1001 865 1099 933 illum
1110 867 1263 957 inungas
1284 893 1368 958 quo·

307 963 398 1029 niam
415 965 576 1032 mortales
591 965 663 1032 nati
678 987 805 1032 sumus.
833 967 920 1034 (lum
932 973 1046 1035 autem
1062 970 1146 1038 haec
1157 972 1367 1058 perfecerim,

308 1067 527 1148 bunuarium,
538 1069 691 1135 utverba
705 1075 773 1148 tua,
785 1077 820 1136 et
834 1070 1045 1139 voluntatem
1058 1079 1151 1140 tuam
1167 1075 1211 1142 ad
1225 1077 1370 1145 Antisti·

308 1169 545 1236 temdeleram.
589 1171 733 1258 Ignosce
746 1173 903 1254 Domina,
915 1173 1032 1261 Virgo,
1055 1176 1201 1266 benigne
1227 1181 1370 1260 sustiue;

308 1299 370 1343 nec
381 1275 472 1342 enim
481 1277 669 1364 praetendo
678 1279 941 1358 excusationem,
952 1280 1101 1347 Domina
1111 1304 1188 1348 mea
1196 1284 1368 1352 nobilissi-

310 1405 372 1450 ma
398 1383 556 1451 Crastina
571 1383 627 1451 (lie
643 1389 677 1451 te
690 1383 869 1482 videndam
882 1385 1011 1452 redibo.
1035 1387 1086 1454 Ut
1096 1385 1203 1475 Virgo
1214 1389 1370 1476 piissima

312 1491 416 1559 rerba
443 1491 466 1560 J
468 1493 588 1560 oannis
603 1493 744 1573 audivit,
767 1493 819 1560 illi
835 1494 1023 1581 respondit:
1038 1495 1140 1575 Audi,
1157 1494 1281 1564 dilecte
1310 1497 1371 1565 fili:

311 1595 343 1660 N
345 1595 516 1663 ullatenus
531 1597 662 1676 timeae,
680 1619 789 1684 neque
813 1597 914 1664 corde
939 1597 1066 1677 doleas,
1083 1621 1146 1666 nec
1175 1599 1308 1686 aliquid
1322 1599 1371 1667 la·

312 1699 382 1766 cias
394 1699 445 1766 tui
457 1699 615 1766 avunculi
628 1699 870 1780 infirmitatem,
887 1706 947 1768 aut
967 1701 1368 1790 quamlibetangustiam.

311 1801 475 1900 Nupquid
490 1803 546 1871 hic
568 1825 636 1869 non
654 1802 775 1870 adsum
790 1826 854 1892 ego
869 1803 983 1870 Mater
998 1805 1073 1872 tua?
1116 1803 1282 1892 Nunquid
1304 1831 1372 1875 non

312 1925 386 1970 mea
401 1902 467 1966 sub
482 1903 693 1990 protectione
711 1907 748 1967 tu
764 1924 801 1968 es
812 1903 1035 1970 constitutus?
1050 1903 1215 1990 Nunquid
1228 1929 1291 1994 ego
1304 1931 1372 1975 nou

312 2011 381 2076 rita
395 2019 431 2076 et
445 2011 555 2076 salua?
599 2007 764 2094 Nunquid
779 2013 817 2073 ιιι
833 2031 900 2072 non
916 2007 982 2074 sub
997 2030 1073 2074 mea
1098 2029 1179 2073 curu
1194 2008 1372 2076 subsistis?

311 2113 475 2200 Nunquitl
490 2111 584 2177 aliud
600 2110 788 2198 quidquam
804 2110 869 2176 tibi
885 2133 1023 2177 necesse
1038 2110 1108 2177 est?
1131 2111 1228 2177 Nihil
1244 2110 1370 2190 doleas,

312 2239 373 2282 uec
388 2215 547 2282 turberis:
560 2215 645 2280 nihil
656 2214 815 2279 avunculi
828 2213 950 2280 timeas
964 2213 1207 2281 infirmitatem:
1222 2237 1291 2279 non
1302 2236 1372 2280 mo-

312 2319 419 2386 rietur
434 2318 556 2396 adhue
569 2319 666 2396 scito,
683 2318 749 2404 jum
763 2342 868 2385 sanus
880 2326 941 2386 est
961 2321 1020 2406 (Et
1034 2322 1153 2389 eadem
1169 2323 1255 2388 hora
1270 2324 1373 2389 arnul

312 2421 409 2486 culus
425 2419 499 2504 ejus
521 2441 625 2484 senna
641 2417 752 2483 faetus
778 2425 840 2498 est,
858 2420 909 2486 uti
921 2427 1043 2508 postea
1058 2421 1276 2488 manifestum
1292 2422 1372 2506 fuit)

313 2527 361 2594 Ῑί
375 2527 527 2593 loannes
542 2525 695 2592 Didacus
711 2525 807 2592 Coeli
823 2525 975 2612 Reginae
990 2526 1096 2592 verba
1110 2525 1251 2604 audivit,
1268 2526 1373 2591 maxi·

314 2651 365 2694 me
382 2629 528 2694 laetatus
544 2634 606 2704 est,
623 2635 658 2694 et
675 2628 774 2694 corde
792 2629 974 2714 acquievit:
988 2631 1190 2719 rogavitque
1206 2639 1245 2698 ut
1259 2631 1372 2720 ipsum

314 2733 462 2799 mitteret
486 2738 524 2798 ut
540 2732 724 2797 Dominum
746 2731 957 2819 Episcopum
973 2733 1093 2812 adiret,
1110 2739 1145 2800 et
1170 2735 1304 2822 signum
1321 2734 1373 2800 illi

312 2835 470 2914 deferret,
500 2859 569 2921 quo
599 2835 666 2922 ipsi
697 2833 799 2900 fidem
829 2833 980 2902 haberet
1011 2835 1194 2925 Praecepit
1209 2859 1291 2924 ergo
1320 2837 1373 2902 illl

314 2939 410 3007 Coeli
421 2939 553 3026 Regina
569 2937 688 3002 collem
700 2935 883 3003 ascendere
895 2937 993 3003 illum
1009 2937 1122 3024 ipsum
1135 2939 1295 3005 inlocum
1312 2939 1374 3006 ub·

316 3048 415 3109 antea
430 3041 561 3107 viderat
577 3063 662 3106 eam:
698 3039 883 3119 “Ascende,
907 3038 1030 3126 inquit,
1046 3041 1170 3108 dilecte
1193 3041 1252 3121 fili,
1269 3065 1375 3130 supra

317 3147 446 3224 «ollem,
463 3151 565 3232 atque
582 3167 623 3210 eo
639 3145 715 3209 loco
731 3143 790 3208 ubi
807 3143 999 3224 meridiati,
1022 3151 1059 3211 et
1076 3144 1142 3210 tibi
1157 3145 1273 3210 locuta
1288 3167 1373 3221 sum,

317 3273 410 3316 rosas
426 3248 569 3315 videbis:
585 3249 710 3334 accipe,
729 3253 764 3312 et
780 3247 901 3335 collige
917 3247 1005 3326 illas,
1021 3253 1125 3335 utque
1140 3247 1219 3314 inde
1237 3247 1374 3313 descen·

316 3353 409 3432 (leus,
424 3353 506 3420 affer·
520 3353 599 3418 illas
615 3375 727 3418 arram
744 3373 804 3416 me.
822 3351 844 3416 J
847 3374 974 3418 oannes
989 3375 1071 3440 ergo
1079 3353 1174 3418 illico
1190 3353 1310 3419 collem
1322 3375 1374 3418 ae·

316 3457 437 3524 cendit
476 3455 524 3522 rt
540 3477 620 3522 vero
635 3475 739 3541 supra
755 3453 851 3519 illum
868 3455 1032 3541 pervenit,
1049 3454 1147 3522 valde
1163 3456 1308 3522 miratus
1323 3463 1375 3522 est

317 3559 407 3646 quod
424 3581 520 3626 rosae
544 3557 594 3624 ibi
609 3563 793 3644 eruperant
808 3556 1068 3644 pulcherrimae,
1089 3581 1178 3645 quae
1204 3565 1286 3625 tunc
1301 3559 1376 3646 qui·
1477 3610 1482 3619 ,

316 3665 401 3742 riam,
415 3685 536 3751 aspera
550 3661 682 3749 hyeme,
706 3661 787 3726 oriri
811 3684 878 3727 nou
893 3669 1064 3748 poterant3
1086 3685 1163 3729 rore
1176 3663 1263 3729 coeli
1278 3671 1374 3730 erant

317 3789 501 3856 respersae,
518 3765 615 3852 cujus
629 3771 745 3850 guttae
762 3765 856 3830 velut
879 3764 1014 3852 lapides
1028 3765 1171 3852 pretiosi
1186 3765 1221 3832 in
1243 3766 1313 3833 illis
1328 3765 1377 3830 vi·

318 3878 493 3946 alebantur.
526 3875 667 3964 Accepit
681 3897 771 3962 erge,
788 3881 822 3942 et
849 3876 987 3964 collegit
998 3899 1102 3942 rosas
1134 3875 1221 3944 Illae
1237 3876 1375 3963 quidem

317 4013 422 4080 supra
437 3989 558 4056 collem
574 3988 770 4056 nullatenus
785 3987 867 4054 oriri
890 3993 1059 4076 poterant,
1075 3987 1160 4054 nihil
1176 3987 1266 4054 enim
1282 3987 1376 4054 aliud

320 4094 367 4162 ibi
382 4091 536 4161 abundat
551 4091 618 4158 nisi
644 4113 734 4170 saxa,
752 4089 882 4169 tribuli,
907 4097 943 4157 et
964 4091 1095 4180 spinae;
1120 4115 1188 4158 non
1203 4091 1253 4158 ibi
1268 4089 1377 4157 nasci·

319 4205 378 4264 tur‘
390 4197 457 4288 nial
472 4185 616 4282 opuntii
632 4199 667 4259 et
683 4194 852 4280 procopia:
868 4201 903 4260 et
918 4193 947 4258 ai
964 4194 1100 4278 aliquae
1115 4195 1277 4282 parvulae
1293 4193 1377 4259 her-
