3625 5217
962 588 1025 679 lea

471 769 640 869 quantum
656 772 731 850 fieri
759 772 874 871 potuit
902 779 1096 855 conformis.
1137 783 1203 856 Die
1219 778 1376 877 proxime
1393 796 1536 878 sequell-

300 895 303 906 '
386 880 390 883 ⁴
470 886 498 953 ti
513 888 639 955 festum
671 888 856 954 maximum
880 890 1091 956 celebratum
1109 892 1175 958 luit
1200 893 1236 958 in
1261 894 1443 959 Mariccus
1469 892 1534 958 Ec·

468 991 573 1059 clesia
597 990 876 1077 Metropolitana,
904 996 1009 1077 atque
1024 994 1115 1060 inter
1145 994 1333 1061 Missurum
1363 994 1534 1062 solemnia

468 1093 771 1181 archiepiscopale
798 1095 948 1162 edictum
964 1096 1090 1163 lectum
1106 1097 1181 1177 luit,
1212 1098 1249 1164 in
1279 1120 1358 1184 quc,
1375 1097 1410 1162 in
1427 1118 1534 1181 quan·

469 1202 542 1263 tum
566 1194 748 1287 Ordinario
760 1196 869 1275 licuit,
881 1196 920 1261 B.
938 1196 984 1262 M.
1015 1196 1054 1263 V.
1072 1198 1114 1263 (16
1146 1198 1351 1285 Guadalupe
1381 1196 1533 1261 Patrona

467 1298 674 1387 Principalis
685 1298 934 1378 declarabatur,
948 1305 983 1366 et
995 1300 1103 1387 ipsius
1116 1302 1289 1367 Mexiceae
1302 1300 1420 1379 Urbis,
1433 1302 1469 1363 et
1483 1298 1533 1363 lo-

468 1425 584 1470 corum
614 1402 757 1490 politico
786 1403 860 1489 ejus
886 1404 1045 1491 regimini
1061 1406 1260 1473 immediate
1287 1405 1532 1491 subjectorum:

466 1528 598 1575 necnon
612 1511 647 1573 et
662 1506 736 1573 dies
765 1506 875 1573 festus
890 1507 933 1573 de
964 1516 1149 1596 praecepto
1172 1510 1286 1576 dictus
1301 1509 1367 1574 luit
1397 1507 1472 1573 dies
1489 1506 1530 1571 12

464 1612 675 1681 Decembris.
698 1610 833 1677 Deinde
856 1610 975 1677 concio
991 1610 1110 1678 habita
1133 1613 1208 1680 fuit.
1254 1612 1340 1695 Quis
1355 1610 1461 1677 fuerit
1475 1630 1531 1674 ur·

326 1792 332 1803 p
467 1718 523 1785 bis
538 1720 689 1795 ornatus,
719 1738 809 1801 quae
820 1715 989 1781 luminum
1019 1739 1081 1803 per
1096 1723 1230 1784 noctem
1255 1713 1531 1793 multitud0,non

466 1820 619 1888 breviter
643 1818 711 1885 dici
737 1823 866 1907 potest:
892 1826 1052 1907 poemata
1076 1843 1214 1907 qnoque
1231 1819 1390 1907 plurima,
1407 1818 1479 1885 sive
1496 1818 1530 1883 in

465 1925 590 1992 erectis
605 1922 755 2011 publicis
781 1921 960 2002 altaribus,
983 1923 1055 1990 sive
1071 1924 1106 1989 in
1122 1922 1264 2010 publico
1279 1922 1458 1988 domorum
1475 1944 1529 1988 or-

464 2032 548 2096 natu
562 2028 773 2115 legebantur.
807 2027 855 2112 (1)

506 2135 560 2201 De
585 2133 812 2221 Apparitione
838 2133 1001 2220 frequens
1027 2134 1094 2201 luit
1109 2134 1238 2201 mentio
1267 2134 1358 2201 inter
1372 2158 1422 2213 ea,
1439 2157 1528 2222 quae

462 2242 601 2308 fuerunt
615 2242 762 2325 peracta
782 2236 871 2303 Nam
886 2237 923 2303 in
938 2236 1235 2325 Archicpiecopali
1250 2238 1376 2304 Edicto
1390 2238 1527 2317 dicitur,

462 2341 528 2407 “El
540 2340 650 2407 (11612
662 2337 966 2407 deDiciembrede
980 2338 1065 2405 eada
1076 2362 1122 2405 un
1133 2342 1198 2405 ario
1211 2362 1253 2405 en
1264 2361 1331 2425 que
1342 2363 1379 2406 sc
1392 2340 1528 2407 celebra

463 2466 505 2511 su
518 2442 722 2532 prodigiosa
736 2441 952 2529 Aparicion‚''
971 2442 1019 2525 (2)
1035 2442 1082 2508 nt
1097 2464 1173 2507 cnm
1184 2443 1384 2529 Capitulum
1400 2441 1527 2509 Civita-

462 2547 518 2627 tis,
535 2552 575 2613 61
601 2544 812 2636 processioni
841 2544 1002 2612 adessent
1028 2545 1120 2611 cives
1143 2546 1333 2613 nobiliores
1359 2546 1526 2625 invitavit,

461 2656 511 2721 sic
524 2651 568 2718 de
582 2672 681 2718 sacra
694 2648 850 2736 Imagine
866 2648 923 2715 ait.
942 2648 1011 2714 “Su
1027 2648 1211 2735 milagrosa
1222 2649 1364 2736 Imegcn
1380 2650 1421 2717 (16
1434 2652 1527 2719 Gua-

461 2751 598 2839 dalupc,
616 2748 829 2837 aparecida”
847 2749 894 2832 (3)
908 2746 993 2814 Cum
1011 2747 1155 2835 Regium
1168 2748 1389 2815 Auditorium
1404 2751 1527 2818 (16166-

461 2862 498 2924 to
510 2854 602 2923 civili
614 2854 664 2940 ((16
681 2854 796 2935 chla)
808 2852 1110 2939 Archipraesnlem
1123 2852 1191 2917 Pro
1201 2852 1329 2939 Regem
1344 2854 1526 2935 consuluit,

459 2959 615 3047 loquitur
623 2956 666 3023 de
679 2956 821 3022 mirabili
825 2955 1037 3042 Apporitiona
1046 2956 1291 3038 (wumvillare
1299 2956 1528 3043 apoteca-”l

461 3057 508 3147 (4)
524 3062 610 3130 Cum
624 3059 823 3148 Capitulum
839 3058 1000 3126 Civitatis
1030 3081 1093 3146 pro
1123 3059 1313 3149 Patronatu
1343 3060 1525 3129 Guadalu-

458 3167 559 3259 pansi
574 3165 618 3233 ad
632 3165 934 3255 archipraesulem
951 3166 1019 3232 Pro
1034 3166 1163 3253 Regem
1180 3167 1328 3255 scripsit,
1345 3168 1388 3236 (16
1412 3168 1526 3256 Appo-

457 3271 585 3339 ritiocis
594 3270 792 3336 oelabrutim
803 3270 860 3336 die
873 3271 914 3335 12
928 3269 1129 3337 Decembris
1142 3270 1222 3337 lecit
1245 3276 1460 3339 mentionem.
1477 3276 1524 3357 (ὅ)

448 3398 458 3407 “
502 3374 589 3442 Cum
604 3373 643 3438 B.
660 3372 707 3439 aa
724 3372 763 3438 V.
781 3371 824 3439 (16
840 3372 1046 3460 Guadalupe
1062 3373 1213 3440 Patrona
1228 3374 1436 3462 Principalis
1451 3376 1525 3443 Me·

457 3476 525 3545 xici
540 3475 606 3543 luit
620 3475 740 3555 electa,
754 3476 874 3542 statim
899 3476 1010 3563 pestis
1027 3476 1204 3543 calamitas
1227 3480 1358 3543 minuta
1380 3478 1447 3545 fuit
1463 3480 1525 3545 mi·

457 3580 625 3660 rabiliter,
643 3580 689 3663 (6)
706 3584 742 3646 61
756 3579 895 3645 tandem
912 3579 1061 3646 cessavit
1075 3579 1222 3645 omnino.

500 3773 544 3849 (1)
587 3773 726 3848 Cabrera,
744 3772 866 3832 Escudo
879 3771 920 3831 de
934 3774 1041 3831 Armas
1055 3770 1094 3831 de
1111 3771 1244 3843 Maxieo,
1267 3770 1315 3833 lib.
1334 3794 1361 3846 6,
1377 3792 1441 3853 cap.
1460 3796 1478 3851 9
1493 3789 1523 3835 et

463 3890 499 3931 10
513 3882 544 3932 et
561 3890 608 3931 ιι.

499 3968 546 4047 (ι)
588 3970 731 4045 Cabrera,
747 3970 797 4043 ib..
813 3968 862 4031 lib.
879 3992 907 4045 4,
924 3990 988 4051 cap.
1007 3972 1048 4046 ll,
1067 3991 1095 4031 n.
1114 3992 1181 4047 940.

498 4069 544 4145 (3)
586 4070 726 4141 Cabrera,
741 4068 780 4129 ib.
796 4069 846 4131 lib.
862 4091 891 4144 4,
906 4090 971 4148 cap.
993 4091 1037 4143 ιο,
1053 4090 1081 4131 n.
1100 4074 1167 4150 926.

502 4175 549 4250 (4)
590 4171 729 4245 Gabreta,
744 4168 784 4231 ib.
797 4169 847 4231 lib.
864 4170 891 4246 3,
907 4188 970 4247 cap.
990 4191 1036 4243 ιι,
1063 4190 1092 4231 n.
1112 4190 1177 4247 772·

499 4273 544 4351 (5)
585 4269 725 4341 Cabrere,
741 4267 780 4329 ib.
796 4268 846 4329 lib.
862 4287 891 4345 3,
905 4288 970 4347 cap.
988 4270 1015 4341 8,
1028 4288 1056 4329 n.
1078 4289 1144 4349 529.

500 4377 545 4469 (6)
588 4376 727 4448 Cabrere,
744 4375 866 4436 Escudo
880 4375 921 4436 de
936 4378 1046 4437 Armas
1060 4378 1099 4438 de
1115 4376 1244 4453 Mtxico,
1274 4378 1325 4441 lib.
1343 4400 1371 4457 4,
1386 4398 1451 4461 cap.
1472 4400 1518 4443 ιι.
