3625 5217
1020 532 1084 604 118

520 697 564 770 de
576 700 723 767 veritato
737 702 974 789 Apparitioais
989 705 1027 771 B.
1052 706 1099 772 M.
1116 707 1157 774 V.
1172 707 1215 774 de
1236 707 1450 797 Garadalupe.
1496 702 1577 791 Quis

521 808 635 869 autem
651 804 768 871 credat
783 812 836 873 tot
850 807 1005 876 eruditos
1020 809 1121 890 viros,
1148 810 1295 879 diversis
1320 810 1534 899 temporibus
1544 812 1577 875 et

520 905 615 984 locis,
627 904 670 972 de
682 908 801 975 eadem
812 932 849 976 re
866 933 971 977 unum
994 912 1154 999 idemque
1171 920 1206 981 et
1221 914 1405 993 censuisse,
1418 926 1454 981 et
1469 912 1577 1001 publi·

472 1067 476 1072 .
521 1032 558 1075 ce
575 1012 763 1079 asseruisse
782 1013 850 1079 nisi
861 1014 1066 1083 inconcusso
1096 1016 1318 1085 fundamento
1344 1016 1432 1085 illud
1461 1016 1579 1083 luisset

520 1113 731 1181 stabilitum?

550 1216 611 1283 Vis
623 1224 768 1306 augetur
780 1220 884 1307 hujus
895 1224 1087 1309 argumenti
1100 1224 1130 1291 si
1142 1224 1236 1291 aliud
1250 1224 1479 1305 attendamus,
1492 1223 1578 1293 scili·

521 1325 584 1399 oet,
597 1343 638 1385 ex
649 1322 904 1408 praedicatione
916 1324 1088 1411 frequenti
1098 1334 1133 1394 et
1147 1329 1309 1395 continua
1320 1328 1364 1395 de
1373 1328 1412 1394 B.
1426 1328 1473 1395 M.
1487 1328 1526 1395 V.
1538 1326 1578 1395 de

520 1424 735 1515 Guadalupe,
748 1452 816 1495 non
832 1429 934 1497 modo
946 1430 1232 1517 praedicatorum.
1246 1436 1281 1497 et
1293 1452 1421 1509 eorum,
1432 1428 1494 1515 qui
1506 1450 1579 1495 con·

521 1529 636 1597 ciones
652 1531 838 1618 impressas
851 1533 1098 1619 approbarunt,
1126 1538 1161 1599 st
1173 1534 1234 1620 qui
1246 1533 1289 1600 ad
1313 1533 1579 1619 earumimpres·

520 1637 650 1703 sionem
663 1636 836 1703 licentiam
849 1644 1100 1717 concesserunt,
1125 1634 1335 1705 sententiani
1358 1636 1475 1725 colligi
1491 1634 1579 1701 inia-

520 1761 635 1805 vorem
651 1739 900 1827 Apparitionis;
913 1740 973 1807 sed
984 1740 1088 1807 etiam
1101 1741 1209 1808 totius
1225 1740 1394 1807 mexicani
1406 1738 1535 1829 populi,
1547 1737 1580 1803 in

520 1866 590 1930 quo
599 1865 703 1929 quam
712 1842 853 1929 plurimi
863 1844 928 1909 viri
940 1844 1114 1931 sapientes
1124 1844 1399 1927 etinveniuntnr,
1421 1842 1580 1911 etextite·

520 1951 838 2033 resempe13atque
861 1946 966 2013 etiam
983 1947 1103 2014 haberi
1130 1947 1249 2014 eadem
1266 1947 1308 2014 ds
1321 1970 1357 2014 re
1381 1966 1579 2013 consensum

520 2049 737 2137 populorum,
750 2054 786 2113 et
800 2047 996 2133 sapientum
1009 2046 1160 2115 virorum
1173 2048 1208 2114 in
1235 2046 1362 2115 exteris
1376 2046 1579 2123 nationibus,

520 2142 581 2217 ubi
591 2151 694 2218 etiam
704 2150 902 2237 hujusmodi
916 2150 1095 2218 conciones
1105 2150 1244 2219 habitae
1255 2156 1344 2218 sunt
1368 2147 1579 2217 Praediostio

521 2254 564 2321 de
579 2256 618 2321 B.
635 2255 682 2322 M.
700 2256 738 2321 V.
755 2254 799 2321 de
815 2254 1020 2345 Guadalups
1051 2255 1213 2343 frequens
1243 2263 1279 2323 et
1294 2256 1466 2335 continua,
1489 2254 1579 2321 nullo

521 2358 737 2436 reclamante,
753 2358 823 2424 imo
838 2358 943 2425 etiam
970 2357 1124 2425 fidelium
1152 2358 1372 2426 multitudine
1386 2362 1483 2445 grate
1498 2378 1579 2424 sem·

522 2483 584 2550 per
598 2461 769 2540 audiente,
782 2484 901 2527 omnes
913 2462 955 2528 de
968 2462 1191 2550 Apparitione
1204 2462 1295 2529 idem
1309 2462 1436 2529 sentire
1450 2460 1579 2528 evidea-

522 2572 575 2633 ter
586 2565 748 2644 ostendit
763 2587 802 2631 ac
817 2564 961 2653 proinde
974 2566 1193 2633 traditionem
1206 2565 1249 2633 de
1264 2566 1303 2632 B.
1321 2566 1367 2633 M„
1384 2565 1423 2632 V.
1441 2564 1484 2633 de
1494 2563 1580 2633 Gua-

522 2668 648 2757 dalupe
662 2667 889 2756 Apparitione
905 2668 1101 2737 omnimoda
1117 2669 1182 2736 fide
1199 2669 1334 2757 dignam
1347 2668 1519 2757 patefacit

564 2772 611 2839 At
625 2772 656 2839 si
671 2794 743 2839 rem
758 2770 964 2859 Theologice
980 2772 1213 2860 inspiciamus,
1230 2773 1333 2841 etiarn
1346 2772 1459 2839 dicere
1472 2794 1581 2839 neces·

521 2897 559 2943 so
571 2879 625 2941 est
635 2870 833 2959 hujusmodi
850 2872 1046 2939 continuam
1059 2872 1359 2961 praedicationem,
1376 2894 1445 2959 qna
1462 2870 1581 2938 benefi-

523 2978 613 3045 cium
628 2977 782 3043 divinum
798 2974 885 3042 adeo
902 2974 1037 3063 insigne
1053 2976 1184 3065 populo
1207 2976 1394 3055 nuntiatur,
1410 2976 1463 3045 uti
1479 2982 1531 3044 est
1544 2974 1581 3043 il·

523 3084 584 3150 lud
606 3081 700 3169 quod
709 3081 746 3147 in
758 3079 1020 3168 Guadalupensi
1029 3081 1256 3171 Apparitione
1270 3082 1473 3159 continetur,
1484 3082 1582 3151 etiam

524 3181 867 3255 honorificentissime
879 3182 1059 3271 proposita
1071 3206 1185 3251 coram
1198 3185 1428 3265 audientibus,
1445 3187 1500 3254 vel
1512 3188 1584 3275 ipsa

525 3288 683 3377 originali
699 3286 853 3373 Imagine
867 3284 907 3353 B.
925 3286 972 3353 M.
990 3286 1028 3355 V.
1047 3287 1090 3354 de
1105 3288 1320 3380 Guadalupe,
1336 3288 1390 3357 vel
1407 3290 1485 3371 ulia,
1501 3312 1584 3379 quae

525 3393 620 3460 illam
636 3390 835 3478 originalem
854 3396 1098 3478 repraesentet,
1116 3399 1218 3481 atque
1234 3393 1354 3461 fideles
1370 3392 1413 3460 ad
1438 3392 1506 3463 Dei
1521 3393 1586 3461 oul-

526 3507 609 3578 tum,
622 3505 657 3566 et
666 3498 837 3587 Deiparae
848 3500 1010 3585 majorem
1023 3524 1183 3582 amorem,
1194 3508 1229 3569 et
1238 3502 1490 3573 venerationem
1500 3500 1584 3569 exci-

527 3603 631 3669 tando
646 3608 788 3690 propter
803 3603 1017 3691 praedictum
1029 3606 1242 3687 beneficium,
1270 3630 1346 3673 cum
1362 3604 1443 3673 talis
1454 3602 1581 3693 praedi·

526 3692 616 3773 catio
627 3705 716 3772 iacta
732 3728 868 3793 semper
888 3705 992 3774 fuerit
1005 3708 1203 3789 scientibus,
1231 3714 1266 3777 et
1284 3708 1582 3785 consentientibus,

527 3809 580 3875 ael
592 3808 882 3897 praecipientibus
896 3809 1109 3893 Pastoribus,
1126 3834 1229 3900 saepe
1241 3812 1343 3879 etiam
1360 3810 1444 3901 ipsis
1456 3810 1583 3879 concio

527 3912 699 3990 nantibus,
716 3913 769 3978 vel
783 3912 963 3980 conciones
979 3914 1160 3993 audiendo,
1176 3915 1229 3981 vel
1256 3914 1429 3985 licentiam
1455 3920 1494 3983 nt
1508 3914 1582 3981 illae

528 4018 767 4105 imprimantur
782 4018 1058 4101 concedentibus,
1075 4018 1163 4087 hano
1178 4019 1467 4108 praedicationem
1483 4018 1583 4087 conti·

527 4147 630 4190 nuam
641 4125 677 4191 in
689 4126 744 4193 sni
753 4127 903 4191 favorem
916 4124 1043 4191 habere
1055 4122 1202 4191 dicimus
1213 4123 1394 4191 Pastorum
1407 4122 1584 4190 auctorita·

528 4234 607 4307 tem,
623 4234 753 4315 quanta
764 4228 824 4295 illa
835 4234 888 4295 est
900 4228 937 4293 in
946 4228 1050 4295 rebus
1060 4228 1148 4295 tanti
1161 4227 1333 4309 momenti,
1345 4250 1477 4295 necnon
1489 4226 1525 4293 ia
1535 4222 1583 4293 sui

527 4330 678 4400 favorem
689 4330 817 4399 habere
840 4329 1092 4421 agnoscendum
1107 4336 1161 4399 est
1175 4328 1270 4399 illam
1285 4328 1469 4421 specialem
1480 4326 1586 4423 prori-
