3625 5217
550 680 596 747 5?
610 680 652 746 Ι).
665 678 837 745 Αιιιοιιὶιιε
850 676 1043 759 Valeriano,
1073 679 1184 761 indus,
1201 702 1222 747 a
1236 679 1357 768 primis
1373 678 1473 747 annis
1490 700 1566 747 eru·

508 783 602 849 ditus
616 783 653 849 in
667 780 823 867 collegio
852 780 998 847 Sanctae
1015 781 1135 851 Crucis
1151 782 1196 849 ad
1217 781 1431 861 Tlaltelolco;
1445 780 1567 849 dmnde

507 885 612 953 etiam
624 884 740 951 docuit
752 891 791 951 ut
806 883 977 970 magister.
1009 883 1071 951 Vir
1086 884 1153 952 iuit
1168 886 1256 973 pius,
1268 891 1304 953 et
1318 885 1568 973 integerrimum

507 994 693 1075 propterea
707 988 800 1074 quod
831 988 932 1055 indos
948 988 1075 1054 Marici
1098 988 1281 1075 plusquam
1312 990 1454 1077 triginta
1469 989 1566 1055 anuis

507 1092 719 1179 gubernavit
745 1093 792 1178 (1)
815 1092 909 1157 Huic
931 1091 1134 1158 attribuitur

549 1195 808 1281 Antiquissima,
822 1194 994 1261 marsicano
1011 1194 1140 1282 scripta
1154 1194 1314 1261 Narratio
1331 1194 1567 1283 apparitionis

507 1296 546 1361 Β.
565 1296 611 1361 Μ.
629 1295 667 1362 V.
685 1296 728 1363 de
743 1294 959 1381 Guadalupe,
987 1294 1029 1361 de
1052 1317 1122 1380 qua
1136 1294 1339 1363 Narratione
1370 1295 1568 1363 dictumest

508 1400 545 1465 in
558 1401 608 1466 2.*
623 1399 726 1465 Parte
742 1400 846 1485 hujus
862 1397 1133 1463 Dissertationis

553 1572 603 1637 6.0
648 1572 698 1638 Ut
713 1570 905 1638 stabilitum
922 1575 975 1635 est
989 1570 1024 1633 in
1040 1568 1190 1635 secunda
1201 1568 1303 1636 Parte
1318 1569 1422 1655 hujus
1437 1568 1570 1635 Disser-

510 1673 661 1753 tationis,
679 1674 859 1761 probabile
874 1678 928 1739 est
944 1672 1122 1757 antiquam
1140 1671 1387 1739 ‘Narrationsm
1418 1670 1571 1737 Menios*

510 1799 588 1842 nam
604 1776 852 1864 Apparitionis,
869 1799 971 1861 quam
989 1774 1112 1839 deinde
1142 1774 1234 1841 Lazo
1249 1774 1292 1843 de
1309 1777 1342 1841 la
1373 1774 1468 1860 Vaga
1483 1776 1571 1861 typis

511 1881 694 1960 mandavit,
710 1882 804 1948 aliud
820 1904 896 1947 esse
920 1878 1196 1965 Manuscriptum
1224 1878 1422 1947 distinctum
1455 1878 1571 1945 abitio

511 1983 752 2068 antiquissimo
767 1982 810 2048 de
827 2004 897 2067 quo
913 1980 1022 2045 modo.
1042 1989 1085 2063 (n.
1103 1981 1167 2059 5.0)

554 2155 603 2222 7.0
649 2153 882 2221 Probabiliter
913 2151 1120 2218 credendum
1150 2151 1389 2239 Apparitionis
1420 2152 1570 2219 testimo

512 2258 606 2323 nium
622 2257 775 2323 extitisse
788 2257 824 2321 in
834 2254 1139 2321 constitutionibus
1152 2254 1247 2320 illius
1260 2255 1421 2340 antiquae
1434 2255 1571 2323 Confra-

514 2360 684 2426 ternitatis
700 2359 736 2425 in
750 2360 893 2445 Templo
909 2358 1171 2445 Tepeyaquensi
1201 2365 1345 2437 erectae,
1367 2358 1410 2423 de
1423 2381 1493 2444 qua
1509 2382 1573 2425 me·

514 2462 613 2528 minit
627 2461 696 2528 Pro
711 2462 789 2528 Rex
805 2462 979 2528 Martinus
1000 2460 1200 2547 Henriqusz
1223 2484 1311 2527 anno
1328 2463 1421 2539 1575,
1454 2466 1494 2527 ut
1507 2461 1575 2527 dic·

514 2572 587 2631 tum
601 2570 655 2631 est
670 2565 706 2630 in
721 2564 872 2631 secunda
897 2564 1000 2631 Parte
1027 2563 1129 2651 hujus
1160 2564 1431 2633 Dissertationis
1479 2566 1570 2649 Quas

514 2667 795 2747 Constitutiones,
808 2668 838 2735 si
850 2668 964 2735 adhuc
975 2669 1133 2746 existunt,
1148 2668 1184 2733 in
1195 2667 1340 2754 alicujus
1352 2668 1482 2735 archivi
1498 2670 1575 2734 ola-

515 2794 597 2838 curo
617 2775 807 2838 servantur.

487 3020 492 3027 ⁴
557 2946 608 3009 u>
630 2942 719 3010 Alsa
732 2942 950 3012 Ixtlixccbitl
967 2945 1008 3009 Ι).
1023 2944 1269 3025 Ferdinandus,
1280 2968 1321 3011 cx
1331 2946 1495 3034 progenie
1513 2946 1575 3013 Re·

515 3070 595 3133 gum
621 3046 899 3125 Texcucensium,
924 3045 976 3112 vir
996 3046 1193 3115 Mesicanae
1219 3047 1355 3135 liuguae
1386 3055 1422 3115 et
1437 3048 1576 3117 menies-

517 3173 635 3218 narum
651 3150 895 3237 antiquitatum
912 3150 1153 3237 peritissimus,
1170 3173 1301 3217 necnon
1327 3156 1362 3217 et
1388 3151 1577 3221 ditissimus

516 3254 692 3321 historicis
703 3253 926 3333 documentis,
941 3260 1044 3340 atque
1058 3253 1335 3321 accuratissimus
1346 3255 1382 3320 in
1391 3256 1499 3323 rebus
1513 3257 1579 3323 his·

517 3356 636 3423 toricis
651 3357 853 3435 scribendis;
882 3356 973 3425 unde
995 3358 1097 3425 etiam
1120 3356 1319 3424 Mesicanus
1347 3356 1416 3424 Pro
1440 3358 1514 3426 Rex
1525 3360 1577 3427 ln·

517 3466 704 3547 terpretem
714 3459 846 3547 regium
855 3461 953 3527 illum
966 3462 1153 3540 constituit,
1165 3466 1269 3547 atque
1290 3460 1340 3528 illi
1350 3466 1389 3525 ut
1408 3460 1578 3529 deHisto·

518 3563 571 3630 ria
584 3562 750 3630 scriberet
764 3563 921 3650 injunxit.
948 3565 993 3647 (2)
1039 3565 1132 3631 Huic
1147 3564 1298 3652 pertinet

560 3666 795 3755 Apparitionis
804 3668 965 3735 Narratio
981 3668 1124 3753 hispane
1137 3667 1272 3754 scripta
1307 3670 1353 3745 (3t
1377 3666 1476 3733 Haec
1496 3668 1575 3735 Nar·

563 3858 610 3933 (r)
656 3858 758 3918 Berist.
780 3858 900 3919 Bibliot.
917 3872 970 3917 art.
986 3857 1145 3918 Valeriano
1165 3860 1200 3917 D.
1218 3858 1363 3921 Antonio,

562 3962 608 4039 (ι)
643 3962 680 4020 V.
699 3956 853 4028 Berisum,
871 3956 990 4017 Bibliot.
1019 3956 1159 4035 Hispano
1185 3954 1314 4017 Americ.
1343 3970 1398 4018 art.
1429 3960 1523 4019 “Atra
1546 3958 1578 4019 D.

525 4054 715 4121 Fernando.''

562 4158 606 4235 (3)
649 4153 901 4233 Frequentissime
917 4154 1004 4231 huJus
1021 4154 1207 4215 Narrationis
1222 4154 1422 4217 meminerunt
1434 4166 1574 4219 auctora

521 4263 559 4325 V.
583 4258 739 4323 florencia
765 4258 842 4327 infra
863 4260 1011 4335 citandus,
1040 4260 1173 4327 Cabrera
1199 4258 1357 4343 Quintero,
1387 4258 1510 4327 &cudo
1541 4254 1577 4319 dr
