<?xml version="1.0" encoding="UTF-8"?>
<!DOCTYPE html PUBLIC "-//W3C//DTD XHTML 1.0 Transitional//EN"
    "http://www.w3.org/TR/xhtml1/DTD/xhtml1-transitional.dtd">
<html xmlns="http://www.w3.org/1999/xhtml" xml:lang="en" lang="en">
 <head>
  <title>
</title>
<meta http-equiv="Content-Type" content="text/html;charset=utf-8" />
  <meta name='ocr-system' content='tesseract 3.04.00' />
  <meta name='ocr-capabilities' content='ocr_page ocr_carea ocr_par ocr_line ocrx_word'/>
</head>
<body>
  <div class='ocr_page' id='page_1' title='image "./dissertatiohist00rosagoog_0120.png"; bbox 0 0 3625 5217; ppageno 0'>
   <div class='ocr_carea' id='block_1_1' title="bbox 1004 498 1067 577">
    <p class='ocr_par' dir='ltr' id='par_1_1' title="bbox 1004 498 1067 577">
     <span class='ocr_line' id='line_1_1' title="bbox 1004 498 1067 577; baseline 0 0"><span class='ocrx_word' id='word_1_1' title='bbox 1004 498 1067 577; x_wconf 82' lang='grc'><strong>116</strong></span> 
     </span>
    </p>
   </div>
   <div class='ocr_carea' id='block_1_2' title="bbox 514 678 1575 873">
    <p class='ocr_par' dir='ltr' id='par_1_2' title="bbox 514 678 1575 873">
     <span class='ocr_line' id='line_1_2' title="bbox 514 678 1575 771; baseline 0 -24"><span class='ocrx_word' id='word_1_2' title='bbox 514 699 570 748; x_wconf 91' lang='lat' dir='ltr'><strong>mo</strong></span> <span class='ocrx_word' id='word_1_3' title='bbox 585 678 732 763; x_wconf 73' lang='lat' dir='ltr'><strong>declani,</strong></span> <span class='ocrx_word' id='word_1_4' title='bbox 748 706 816 771; x_wconf 90' lang='lat' dir='ltr'><strong>qne</strong></span> <span class='ocrx_word' id='word_1_5' title='bbox 832 706 891 750; x_wconf 87' lang='lat' dir='ltr'><strong>sus</strong></span> <span class='ocrx_word' id='word_1_6' title='bbox 906 682 1042 771; x_wconf 88' lang='lat' dir='ltr'><strong>pedres,</strong></span> <span class='ocrx_word' id='word_1_7' title='bbox 1058 706 1080 769; x_wconf 84' lang='lat' dir='ltr'>y</span> <span class='ocrx_word' id='word_1_8' title='bbox 1095 688 1199 763; x_wconf 86' lang='lat' dir='ltr'><strong>atros,</strong></span> <span class='ocrx_word' id='word_1_9' title='bbox 1216 684 1248 750; x_wconf 90' lang='lat' dir='ltr'><strong>le</strong></span> <span class='ocrx_word' id='word_1_10' title='bbox 1276 685 1439 748; x_wconf 87' lang='lat' dir='ltr'><strong>contaroa</strong></span> <span class='ocrx_word' id='word_1_11' title='bbox 1454 679 1489 748; x_wconf 88' lang='lat' dir='ltr'><strong>la</strong></span> <span class='ocrx_word' id='word_1_12' title='bbox 1503 700 1575 747; x_wconf 88' lang='lat' dir='ltr'><strong>mn·</strong></span> 
     </span>
     <span class='ocr_line' id='line_1_3' title="bbox 514 782 1394 873; baseline 0 -22"><span class='ocrx_word' id='word_1_13' title='bbox 514 782 580 851; x_wconf 84' lang='lat' dir='ltr'><strong>cha</strong></span> <span class='ocrx_word' id='word_1_14' title='bbox 594 784 829 852; x_wconf 86' lang='lat' dir='ltr'><strong>christiandad</strong></span> <span class='ocrx_word' id='word_1_15' title='bbox 843 809 867 872; x_wconf 84' lang='lat' dir='ltr'>y</span> <span class='ocrx_word' id='word_1_16' title='bbox 881 784 997 851; x_wconf 84' lang='lat' dir='ltr'><strong>virtud</strong></span> <span class='ocrx_word' id='word_1_17' title='bbox 1010 784 1052 850; x_wconf 90' lang='lat' dir='ltr'><strong>de</strong></span> <span class='ocrx_word' id='word_1_18' title='bbox 1067 785 1091 851; x_wconf 83' lang='lat' dir='ltr'><strong>J</strong></span> <span class='ocrx_word' id='word_1_19' title='bbox 1092 806 1160 852; x_wconf 89' lang='lat' dir='ltr'><strong>uan</strong></span> <span class='ocrx_word' id='word_1_20' title='bbox 1173 784 1316 873; x_wconf 88' lang='lat' dir='ltr'><strong>Diego‚’&#39;</strong></span> <span class='ocrx_word' id='word_1_21' title='bbox 1333 788 1394 851; x_wconf 85' lang='lat' dir='ltr'><strong>etc</strong></span> 
     </span>
    </p>
   </div>
   <div class='ocr_carea' id='block_1_3' title="bbox 746 955 1338 1024">
    <p class='ocr_par' dir='ltr' id='par_1_3' title="bbox 746 955 1338 1024">
     <span class='ocr_line' id='line_1_4' title="bbox 746 955 1338 1024; baseline -0.007 0"><span class='ocrx_word' id='word_1_22' title='bbox 746 955 1085 1024; x_wconf 81' lang='lat' dir='ltr'><strong>ARGUMENTUM</strong></span> <span class='ocrx_word' id='word_1_23' title='bbox 1103 956 1338 1024; x_wconf 80' lang='lat' dir='ltr'><strong>OCTAVUM.</strong></span> 
     </span>
    </p>
   </div>
   <div class='ocr_carea' id='block_1_4' title="bbox 563 1148 1532 1345">
    <p class='ocr_par' dir='ltr' id='par_1_4' title="bbox 563 1148 1532 1345">
     <span class='ocr_line' id='line_1_5' title="bbox 563 1148 1532 1241; baseline -0.008 -22"><span class='ocrx_word' id='word_1_24' title='bbox 563 1153 683 1219; x_wconf 74' lang='lat' dir='ltr'><strong>Veritus</strong></span> <span class='ocrx_word' id='word_1_25' title='bbox 696 1152 921 1241; x_wconf 67' lang='lat' dir='ltr'><strong>Appetitr&#39;ouis</strong></span> <span class='ocrx_word' id='word_1_26' title='bbox 936 1152 975 1219; x_wconf 90' lang='lat' dir='ltr'><strong>B.</strong></span> <span class='ocrx_word' id='word_1_27' title='bbox 988 1152 1035 1217; x_wconf 81' lang='lat' dir='ltr'><strong>M.</strong></span> <span class='ocrx_word' id='word_1_28' title='bbox 1057 1152 1088 1216; x_wconf 92' lang='lat' dir='ltr'><strong>V.</strong></span> <span class='ocrx_word' id='word_1_29' title='bbox 1101 1152 1139 1217; x_wconf 83' lang='lat' dir='ltr'><strong>dc</strong></span> <span class='ocrx_word' id='word_1_30' title='bbox 1160 1149 1346 1236; x_wconf 82' lang='lat' dir='ltr'><strong>Guudatupc</strong></span> <span class='ocrx_word' id='word_1_31' title='bbox 1360 1148 1532 1214; x_wconf 76' lang='lat' dir='ltr'><strong><em>ostenditur</em></strong></span> 
     </span>
     <span class='ocr_line' id='line_1_6' title="bbox 609 1258 1477 1345; baseline -0.001 -21"><span class='ocrx_word' id='word_1_32' title='bbox 609 1280 650 1324; x_wconf 67' lang='lat' dir='ltr'><strong><em>a</em></strong></span> <span class='ocrx_word' id='word_1_33' title='bbox 661 1262 764 1326; x_wconf 69' lang='lat' dir='ltr'><strong>cuorus</strong></span> <span class='ocrx_word' id='word_1_34' title='bbox 777 1262 969 1329; x_wconf 64' lang='lat' dir='ltr'><strong>monibus</strong></span> <span class='ocrx_word' id='word_1_35' title='bbox 983 1286 1021 1329; x_wconf 86' lang='lat' dir='ltr'><strong>eo</strong></span> <span class='ocrx_word' id='word_1_36' title='bbox 1032 1263 1070 1328; x_wconf 86' lang='lat' dir='ltr'><strong>dc</strong></span> <span class='ocrx_word' id='word_1_37' title='bbox 1085 1285 1118 1327; x_wconf 85' lang='lat' dir='ltr'><strong>re</strong></span> <span class='ocrx_word' id='word_1_38' title='bbox 1133 1262 1248 1327; x_wconf 72' lang='lat' dir='ltr'><strong>leubilis</strong></span> <span class='ocrx_word' id='word_1_39' title='bbox 1263 1260 1307 1325; x_wconf 86' lang='lat' dir='ltr'><strong>ad</strong></span> <span class='ocrx_word' id='word_1_40' title='bbox 1315 1258 1477 1345; x_wconf 80' lang='lat' dir='ltr'><strong>popidum.</strong></span> 
     </span>
    </p>
   </div>
   <div class='ocr_carea' id='block_1_5' title="bbox 554 1445 1572 1538">
    <p class='ocr_par' dir='ltr' id='par_1_5' title="bbox 554 1445 1572 1538">
     <span class='ocr_line' id='line_1_7' title="bbox 554 1445 1572 1538; baseline -0.005 -26"><span class='ocrx_word' id='word_1_41' title='bbox 554 1445 668 1531; x_wconf 82' lang='lat' dir='ltr'><strong>Quare</strong></span> <span class='ocrx_word' id='word_1_42' title='bbox 684 1446 728 1513; x_wconf 87' lang='lat' dir='ltr'><strong>ad</strong></span> <span class='ocrx_word' id='word_1_43' title='bbox 757 1449 970 1537; x_wconf 79' lang='lat' dir='ltr'>probandam</span> <span class='ocrx_word' id='word_1_44' title='bbox 999 1449 1237 1538; x_wconf 76' lang='lat' dir='ltr'><strong>Appetitionis</strong></span> <span class='ocrx_word' id='word_1_45' title='bbox 1266 1446 1443 1513; x_wconf 76' lang='lat' dir='ltr'><strong>raritatem</strong></span> <span class='ocrx_word' id='word_1_46' title='bbox 1474 1465 1572 1531; x_wconf 82' lang='lat' dir='ltr'><strong>argu·</strong></span> 
     </span>
    </p>
   </div>
   <div class='ocr_carea' id='block_1_6' title="bbox 396 1547 1571 1619">
    <p class='ocr_par' dir='ltr' id='par_1_6' title="bbox 396 1547 1571 1619">
     <span class='ocr_line' id='line_1_8' title="bbox 396 1547 1571 1619; baseline -0.002 -6"><span class='ocrx_word' id='word_1_47' title='bbox 396 1555 403 1567; x_wconf 86' lang='lat'><strong><em>&#39;</em></strong></span> <span class='ocrx_word' id='word_1_48' title='bbox 510 1554 662 1615; x_wconf 90' lang='lat' dir='ltr'><strong>mentum</strong></span> <span class='ocrx_word' id='word_1_49' title='bbox 691 1573 733 1617; x_wconf 80' lang='lat' dir='ltr'><strong>ex</strong></span> <span class='ocrx_word' id='word_1_50' title='bbox 748 1552 969 1619; x_wconf 79' lang='lat' dir='ltr'><strong>concionibus</strong></span> <span class='ocrx_word' id='word_1_51' title='bbox 999 1553 1210 1619; x_wconf 79' lang='lat' dir='ltr'>desumimus</span> <span class='ocrx_word' id='word_1_52' title='bbox 1226 1550 1427 1617; x_wconf 87' lang='lat' dir='ltr'><strong>distinctum</strong></span> <span class='ocrx_word' id='word_1_53' title='bbox 1458 1547 1502 1613; x_wconf 88' lang='lat' dir='ltr'><strong>ab</strong></span> <span class='ocrx_word' id='word_1_54' title='bbox 1530 1569 1571 1611; x_wconf 86' lang='lat' dir='ltr'><strong>eo</strong></span> 
     </span>
    </p>
   </div>
   <div class='ocr_carea' id='block_1_7' title="bbox 507 1649 1572 2748">
    <p class='ocr_par' dir='ltr' id='par_1_7' title="bbox 507 1649 1572 2748">
     <span class='ocr_line' id='line_1_9' title="bbox 511 1649 1572 1741; baseline -0.001 -25"><span class='ocrx_word' id='word_1_55' title='bbox 511 1650 604 1737; x_wconf 91' lang='lat' dir='ltr'><strong>quod</strong></span> <span class='ocrx_word' id='word_1_56' title='bbox 620 1674 663 1719; x_wconf 82' lang='lat' dir='ltr'><strong>ex</strong></span> <span class='ocrx_word' id='word_1_57' title='bbox 675 1654 903 1741; x_wconf 75' lang='lat' dir='ltr'>scriptoribus</span> <span class='ocrx_word' id='word_1_58' title='bbox 915 1656 1119 1722; x_wconf 84' lang='lat' dir='ltr'><strong>eformatnr?</strong></span> <span class='ocrx_word' id='word_1_59' title='bbox 1134 1653 1276 1741; x_wconf 85' lang='lat' dir='ltr'>Duplici</span> <span class='ocrx_word' id='word_1_60' title='bbox 1288 1652 1331 1717; x_wconf 89' lang='lat' dir='ltr'><strong>de</strong></span> <span class='ocrx_word' id='word_1_61' title='bbox 1344 1673 1456 1717; x_wconf 87' lang='lat' dir='ltr'><strong>causa:</strong></span> <span class='ocrx_word' id='word_1_62' title='bbox 1472 1649 1516 1715; x_wconf 83' lang='lat'><strong>1.⁰</strong></span> <span class='ocrx_word' id='word_1_63' title='bbox 1531 1672 1572 1715; x_wconf 92' lang='lat' dir='ltr'><strong>eo</strong></span> 
     </span>
     <span class='ocr_line' id='line_1_10' title="bbox 510 1753 1571 1843; baseline -0.001 -23"><span class='ocrx_word' id='word_1_64' title='bbox 510 1754 604 1841; x_wconf 87' lang='lat' dir='ltr'><strong>quod</strong></span> <span class='ocrx_word' id='word_1_65' title='bbox 633 1764 868 1843; x_wconf 77' lang='lat' dir='ltr'><strong>argumentum</strong></span> <span class='ocrx_word' id='word_1_66' title='bbox 895 1780 936 1825; x_wconf 85' lang='lat' dir='ltr'><strong>ex</strong></span> <span class='ocrx_word' id='word_1_67' title='bbox 952 1757 1173 1825; x_wconf 82' lang='lat' dir='ltr'><strong>concionibus</strong></span> <span class='ocrx_word' id='word_1_68' title='bbox 1189 1778 1256 1821; x_wconf 92' lang='lat' dir='ltr'><strong>non</strong></span> <span class='ocrx_word' id='word_1_69' title='bbox 1286 1754 1398 1820; x_wconf 90' lang='lat' dir='ltr'><strong>solum</strong></span> <span class='ocrx_word' id='word_1_70' title='bbox 1425 1753 1571 1820; x_wconf 78' lang='lat' dir='ltr'><strong>sumitur</strong></span> 
     </span>
     <span class='ocr_line' id='line_1_11' title="bbox 510 1857 1570 1949; baseline -0.005 -24"><span class='ocrx_word' id='word_1_71' title='bbox 510 1881 552 1925; x_wconf 84' lang='lat' dir='ltr'><strong>en</strong></span> <span class='ocrx_word' id='word_1_72' title='bbox 568 1859 648 1938; x_wconf 89' lang='lat' dir='ltr'><strong>illis,</strong></span> <span class='ocrx_word' id='word_1_73' title='bbox 664 1881 752 1945; x_wconf 86' lang='lat' dir='ltr'><strong>quae</strong></span> <span class='ocrx_word' id='word_1_74' title='bbox 778 1862 872 1949; x_wconf 83' lang='lat' dir='ltr'><strong>typis</strong></span> <span class='ocrx_word' id='word_1_75' title='bbox 887 1862 1010 1941; x_wconf 85' lang='lat' dir='ltr'><strong>editae,</strong></span> <span class='ocrx_word' id='word_1_76' title='bbox 1038 1861 1091 1926; x_wconf 88' lang='lat' dir='ltr'><strong>vel</strong></span> <span class='ocrx_word' id='word_1_77' title='bbox 1117 1857 1367 1945; x_wconf 75' lang='lat' dir='ltr'><strong>manuscriptae</strong></span> <span class='ocrx_word' id='word_1_78' title='bbox 1384 1861 1570 1933; x_wconf 86' lang='lat' dir='ltr'><strong>servantur,</strong></span> 
     </span>
     <span class='ocr_line' id='line_1_12' title="bbox 510 1960 1571 2049; baseline -0.004 -22"><span class='ocrx_word' id='word_1_79' title='bbox 510 1960 572 2027; x_wconf 85' lang='lat' dir='ltr'><strong>sed</strong></span> <span class='ocrx_word' id='word_1_80' title='bbox 583 1962 786 2048; x_wconf 77' lang='lat' dir='ltr'><strong>generaliter</strong></span> <span class='ocrx_word' id='word_1_81' title='bbox 800 1986 842 2029; x_wconf 83' lang='lat' dir='ltr'><strong>en</strong></span> <span class='ocrx_word' id='word_1_82' title='bbox 857 1964 1025 2041; x_wconf 87' lang='lat' dir='ltr'><strong>omnibus,</strong></span> <span class='ocrx_word' id='word_1_83' title='bbox 1043 1986 1187 2049; x_wconf 90' lang='lat' dir='ltr'><strong>qnorum</strong></span> <span class='ocrx_word' id='word_1_84' title='bbox 1204 1983 1284 2049; x_wconf 90' lang='lat' dir='ltr'><strong>pars</strong></span> <span class='ocrx_word' id='word_1_85' title='bbox 1300 1960 1407 2045; x_wconf 86' lang='lat' dir='ltr'><strong>major</strong></span> <span class='ocrx_word' id='word_1_86' title='bbox 1418 1980 1487 2023; x_wconf 89' lang='lat' dir='ltr'><strong>non</strong></span> <span class='ocrx_word' id='word_1_87' title='bbox 1502 1978 1571 2023; x_wconf 90' lang='lat' dir='ltr'><strong>ser-</strong></span> 
     </span>
     <span class='ocr_line' id='line_1_13' title="bbox 509 2064 1570 2153; baseline 0.003 -24"><span class='ocrx_word' id='word_1_88' title='bbox 509 2068 618 2145; x_wconf 84' lang='lat' dir='ltr'><strong>vatur,</strong></span> <span class='ocrx_word' id='word_1_89' title='bbox 648 2067 701 2132; x_wconf 85' lang='lat' dir='ltr'><strong>vel</strong></span> <span class='ocrx_word' id='word_1_90' title='bbox 724 2067 903 2132; x_wconf 88' lang='lat' dir='ltr'><strong>amittitur:</strong></span> <span class='ocrx_word' id='word_1_91' title='bbox 933 2069 982 2133; x_wconf 67' lang='lat'><strong>2⁰</strong></span> <span class='ocrx_word' id='word_1_92' title='bbox 1000 2091 1041 2133; x_wconf 87' lang='lat' dir='ltr'><strong>eo</strong></span> <span class='ocrx_word' id='word_1_93' title='bbox 1056 2068 1149 2153; x_wconf 90' lang='lat' dir='ltr'><strong>quod</strong></span> <span class='ocrx_word' id='word_1_94' title='bbox 1165 2074 1239 2134; x_wconf 90' lang='lat' dir='ltr'><strong>uta</strong></span> <span class='ocrx_word' id='word_1_95' title='bbox 1265 2090 1345 2131; x_wconf 85' lang='lat' dir='ltr'><strong>vero</strong></span> <span class='ocrx_word' id='word_1_96' title='bbox 1367 2088 1435 2131; x_wconf 92' lang='lat' dir='ltr'><strong>non</strong></span> <span class='ocrx_word' id='word_1_97' title='bbox 1456 2064 1570 2132; x_wconf 84' lang='lat' dir='ltr'><strong>deviet</strong></span> 
     </span>
     <span class='ocr_line' id='line_1_14' title="bbox 509 2164 1570 2257; baseline 0.001 -25"><span class='ocrx_word' id='word_1_98' title='bbox 509 2164 552 2233; x_wconf 89' lang='lat' dir='ltr'><strong>de</strong></span> <span class='ocrx_word' id='word_1_99' title='bbox 567 2190 604 2233; x_wconf 91' lang='lat' dir='ltr'><strong>re</strong></span> <span class='ocrx_word' id='word_1_100' title='bbox 619 2166 664 2233; x_wconf 84' lang='lat' dir='ltr'><strong>ad</strong></span> <span class='ocrx_word' id='word_1_101' title='bbox 675 2169 804 2235; x_wconf 88' lang='lat' dir='ltr'><strong>cultum</strong></span> <span class='ocrx_word' id='word_1_102' title='bbox 828 2169 981 2235; x_wconf 77' lang='lat' dir='ltr'><strong>divinum</strong></span> <span class='ocrx_word' id='word_1_103' title='bbox 1012 2171 1203 2257; x_wconf 88' lang='lat' dir='ltr'><strong>pertinente</strong></span> <span class='ocrx_word' id='word_1_104' title='bbox 1221 2170 1381 2235; x_wconf 85' lang='lat' dir='ltr'><strong>continua</strong></span> <span class='ocrx_word' id='word_1_105' title='bbox 1396 2166 1570 2255; x_wconf 87' lang='lat' dir='ltr'><strong>praedica·</strong></span> 
     </span>
     <span class='ocr_line' id='line_1_15' title="bbox 508 2268 1570 2356; baseline 0 -21"><span class='ocrx_word' id='word_1_106' title='bbox 508 2268 559 2335; x_wconf 93' lang='lat' dir='ltr'><strong>tio</strong></span> <span class='ocrx_word' id='word_1_107' title='bbox 573 2292 636 2356; x_wconf 92' lang='lat' dir='ltr'><strong>per</strong></span> <span class='ocrx_word' id='word_1_108' title='bbox 651 2271 718 2337; x_wconf 88' lang='lat' dir='ltr'><strong>tria</strong></span> <span class='ocrx_word' id='word_1_109' title='bbox 732 2272 870 2337; x_wconf 88' lang='lat' dir='ltr'><strong>saecula</strong></span> <span class='ocrx_word' id='word_1_110' title='bbox 896 2295 971 2337; x_wconf 91' lang='lat' dir='ltr'><strong>cum</strong></span> <span class='ocrx_word' id='word_1_111' title='bbox 995 2272 1148 2353; x_wconf 84' lang='lat' dir='ltr'><strong>dimidio,</strong></span> <span class='ocrx_word' id='word_1_112' title='bbox 1166 2271 1363 2349; x_wconf 86' lang='lat' dir='ltr'><strong>scientibus,</strong></span> <span class='ocrx_word' id='word_1_113' title='bbox 1381 2276 1416 2335; x_wconf 88' lang='lat' dir='ltr'><strong>et</strong></span> <span class='ocrx_word' id='word_1_114' title='bbox 1431 2292 1570 2336; x_wconf 87' lang='lat' dir='ltr'><strong>consen-</strong></span> 
     </span>
     <span class='ocr_line' id='line_1_16' title="bbox 509 2371 1570 2461; baseline -0.001 -24"><span class='ocrx_word' id='word_1_115' title='bbox 509 2371 686 2452; x_wconf 89' lang='lat' dir='ltr'><strong>tientibus,</strong></span> <span class='ocrx_word' id='word_1_116' title='bbox 707 2374 763 2439; x_wconf 86' lang='lat' dir='ltr'><strong>vel</strong></span> <span class='ocrx_word' id='word_1_117' title='bbox 776 2374 1068 2461; x_wconf 81' lang='lat' dir='ltr'><strong>praecipientibus</strong></span> <span class='ocrx_word' id='word_1_118' title='bbox 1084 2375 1296 2453; x_wconf 75' lang='lat' dir='ltr'><strong>PastoribuS,</strong></span> <span class='ocrx_word' id='word_1_119' title='bbox 1314 2378 1373 2439; x_wconf 87' lang='lat' dir='ltr'><strong>aut</strong></span> <span class='ocrx_word' id='word_1_120' title='bbox 1389 2372 1476 2459; x_wconf 88' lang='lat' dir='ltr'><strong>ipsis</strong></span> <span class='ocrx_word' id='word_1_121' title='bbox 1492 2394 1570 2437; x_wconf 83' lang='lat' dir='ltr'><strong>con-</strong></span> 
     </span>
     <span class='ocr_line' id='line_1_17' title="bbox 509 2475 1570 2565; baseline -0.002 -24"><span class='ocrx_word' id='word_1_122' title='bbox 509 2476 734 2557; x_wconf 70' lang='lat' dir='ltr'><strong>donantibus,</strong></span> <span class='ocrx_word' id='word_1_123' title='bbox 745 2477 928 2565; x_wconf 84' lang='lat' dir='ltr'><strong>specialem</strong></span> <span class='ocrx_word' id='word_1_124' title='bbox 941 2480 1085 2564; x_wconf 86' lang='lat' dir='ltr'><strong>gratiam</strong></span> <span class='ocrx_word' id='word_1_125' title='bbox 1097 2479 1283 2543; x_wconf 90' lang='lat' dir='ltr'><strong>Dominum</strong></span> <span class='ocrx_word' id='word_1_126' title='bbox 1296 2475 1481 2541; x_wconf 86' lang='lat' dir='ltr'><strong>concedere</strong></span> <span class='ocrx_word' id='word_1_127' title='bbox 1494 2496 1570 2561; x_wconf 89' lang='lat' dir='ltr'><strong>per·</strong></span> 
     </span>
     <span class='ocr_line' id='line_1_18' title="bbox 509 2576 1570 2667; baseline -0.004 -21"><span class='ocrx_word' id='word_1_128' title='bbox 509 2600 648 2646; x_wconf 87' lang='lat' dir='ltr'><strong>suasum</strong></span> <span class='ocrx_word' id='word_1_129' title='bbox 663 2578 840 2658; x_wconf 89' lang='lat' dir='ltr'><strong>habemus,</strong></span> <span class='ocrx_word' id='word_1_130' title='bbox 857 2603 945 2665; x_wconf 90' lang='lat' dir='ltr'><strong>quae</strong></span> <span class='ocrx_word' id='word_1_131' title='bbox 968 2581 1079 2667; x_wconf 88' lang='lat' dir='ltr'><strong>gratia</strong></span> <span class='ocrx_word' id='word_1_132' title='bbox 1093 2582 1143 2646; x_wconf 86' lang='lat' dir='ltr'><strong>ita</strong></span> <span class='ocrx_word' id='word_1_133' title='bbox 1168 2580 1328 2667; x_wconf 89' lang='lat' dir='ltr'><strong>specialis</strong></span> <span class='ocrx_word' id='word_1_134' title='bbox 1344 2576 1570 2665; x_wconf 86' lang='lat' dir='ltr'><strong>scriptoribus</strong></span> 
     </span>
     <span class='ocr_line' id='line_1_19' title="bbox 507 2680 845 2748; baseline 0.003 -1"><span class='ocrx_word' id='word_1_135' title='bbox 507 2702 576 2747; x_wconf 89' lang='lat' dir='ltr'><strong>non</strong></span> <span class='ocrx_word' id='word_1_136' title='bbox 599 2680 721 2748; x_wconf 88' lang='lat' dir='ltr'><strong>itidem</strong></span> <span class='ocrx_word' id='word_1_137' title='bbox 736 2681 845 2748; x_wconf 89' lang='lat' dir='ltr'><strong>datur.</strong></span> 
     </span>
    </p>
   </div>
   <div class='ocr_carea' id='block_1_8' title="bbox 503 2796 1569 3707">
    <p class='ocr_par' dir='ltr' id='par_1_8' title="bbox 503 2796 1569 3707">
     <span class='ocr_line' id='line_1_20' title="bbox 549 2796 1569 2887; baseline -0.002 -23"><span class='ocrx_word' id='word_1_138' title='bbox 549 2798 781 2865; x_wconf 85' lang='lat' dir='ltr'><strong>Probabilitar</strong></span> <span class='ocrx_word' id='word_1_139' title='bbox 807 2799 988 2866; x_wconf 89' lang='lat' dir='ltr'><strong>dicendum</strong></span> <span class='ocrx_word' id='word_1_140' title='bbox 1004 2800 1294 2887; x_wconf 87' lang='lat' dir='ltr'><strong>praedicationem</strong></span> <span class='ocrx_word' id='word_1_141' title='bbox 1315 2798 1357 2864; x_wconf 87' lang='lat' dir='ltr'><strong>de</strong></span> <span class='ocrx_word' id='word_1_142' title='bbox 1372 2796 1569 2885; x_wconf 81' lang='lat' dir='ltr'><strong>Apparitio-</strong></span> 
     </span>
     <span class='ocr_line' id='line_1_21' title="bbox 506 2900 1567 2991; baseline 0.001 -25"><span class='ocrx_word' id='word_1_143' title='bbox 506 2923 548 2967; x_wconf 91' lang='lat' dir='ltr'><strong>ne</strong></span> <span class='ocrx_word' id='word_1_144' title='bbox 564 2901 603 2965; x_wconf 92' lang='lat' dir='ltr'><strong>B.</strong></span> <span class='ocrx_word' id='word_1_145' title='bbox 620 2901 667 2967; x_wconf 87' lang='lat' dir='ltr'><strong>M.</strong></span> <span class='ocrx_word' id='word_1_146' title='bbox 683 2900 722 2967; x_wconf 84' lang='lat' dir='ltr'><strong>V.</strong></span> <span class='ocrx_word' id='word_1_147' title='bbox 739 2900 782 2967; x_wconf 91' lang='lat' dir='ltr'><strong>de</strong></span> <span class='ocrx_word' id='word_1_148' title='bbox 812 2902 1016 2991; x_wconf 85' lang='lat' dir='ltr'><strong>Guadalupe</strong></span> <span class='ocrx_word' id='word_1_149' title='bbox 1046 2904 1215 2991; x_wconf 85' lang='lat' dir='ltr'><strong>incepisse</strong></span> <span class='ocrx_word' id='word_1_150' title='bbox 1233 2902 1354 2969; x_wconf 87' lang='lat' dir='ltr'><strong>saltem</strong></span> <span class='ocrx_word' id='word_1_151' title='bbox 1380 2900 1425 2965; x_wconf 88' lang='lat' dir='ltr'><strong>ab</strong></span> <span class='ocrx_word' id='word_1_152' title='bbox 1454 2922 1496 2967; x_wconf 89' lang='lat' dir='ltr'><strong>eo</strong></span> <span class='ocrx_word' id='word_1_153' title='bbox 1511 2900 1567 2967; x_wconf 88' lang='lat' dir='ltr'><strong>die</strong></span> 
     </span>
     <span class='ocr_line' id='line_1_22' title="bbox 506 2998 1567 3090; baseline -0.001 -22"><span class='ocrx_word' id='word_1_154' title='bbox 506 3024 576 3088; x_wconf 89' lang='lat' dir='ltr'><strong>quo</strong></span> <span class='ocrx_word' id='word_1_155' title='bbox 591 3001 758 3068; x_wconf 86' lang='lat' dir='ltr'><strong>translata</strong></span> <span class='ocrx_word' id='word_1_156' title='bbox 778 3003 1030 3069; x_wconf 88' lang='lat' dir='ltr'><strong>solemnissima</strong></span> <span class='ocrx_word' id='word_1_157' title='bbox 1045 3003 1262 3090; x_wconf 84' lang='lat' dir='ltr'><strong>processione</strong></span> <span class='ocrx_word' id='word_1_158' title='bbox 1279 3022 1375 3067; x_wconf 88' lang='lat' dir='ltr'><strong>sacra</strong></span> <span class='ocrx_word' id='word_1_159' title='bbox 1390 3000 1510 3088; x_wconf 86' lang='lat' dir='ltr'><strong>Imago</strong></span> <span class='ocrx_word' id='word_1_160' title='bbox 1524 2998 1567 3067; x_wconf 88' lang='lat' dir='ltr'><strong>dc</strong></span> 
     </span>
     <span class='ocr_line' id='line_1_23' title="bbox 506 3102 1568 3192; baseline 0.001 -22"><span class='ocrx_word' id='word_1_161' title='bbox 506 3104 663 3171; x_wconf 85' lang='lat' dir='ltr'><strong>Mexicea</strong></span> <span class='ocrx_word' id='word_1_162' title='bbox 690 3104 959 3192; x_wconf 86' lang='lat' dir='ltr'><strong>Metropolitana</strong></span> <span class='ocrx_word' id='word_1_163' title='bbox 988 3106 1143 3171; x_wconf 84' lang='lat' dir='ltr'><strong>Ecclesia</strong></span> <span class='ocrx_word' id='word_1_164' title='bbox 1159 3105 1202 3171; x_wconf 90' lang='lat' dir='ltr'><strong>ad</strong></span> <span class='ocrx_word' id='word_1_165' title='bbox 1232 3104 1379 3191; x_wconf 87' lang='lat' dir='ltr'><strong>primum</strong></span> <span class='ocrx_word' id='word_1_166' title='bbox 1408 3102 1568 3191; x_wconf 79' lang='lat' dir='ltr'><strong>Tepeya-</strong></span> 
     </span>
     <span class='ocr_line' id='line_1_24' title="bbox 506 3205 1567 3295; baseline 0.001 -23"><span class='ocrx_word' id='word_1_167' title='bbox 506 3230 636 3293; x_wconf 88' lang='lat' dir='ltr'><strong>quense</strong></span> <span class='ocrx_word' id='word_1_168' title='bbox 651 3207 841 3295; x_wconf 84' lang='lat' dir='ltr'><strong>Templum,</strong></span> <span class='ocrx_word' id='word_1_169' title='bbox 858 3209 961 3274; x_wconf 90' lang='lat' dir='ltr'><strong>etiam</strong></span> <span class='ocrx_word' id='word_1_170' title='bbox 974 3208 1009 3273; x_wconf 92' lang='lat' dir='ltr'><strong>in</strong></span> <span class='ocrx_word' id='word_1_171' title='bbox 1022 3208 1087 3273; x_wconf 88' lang='lat' dir='ltr'><strong>hoc</strong></span> <span class='ocrx_word' id='word_1_172' title='bbox 1099 3208 1175 3294; x_wconf 90' lang='lat' dir='ltr'><strong>ipso</strong></span> <span class='ocrx_word' id='word_1_173' title='bbox 1191 3207 1334 3293; x_wconf 84' lang='lat' dir='ltr'><strong>Templo</strong></span> <span class='ocrx_word' id='word_1_174' title='bbox 1349 3205 1387 3271; x_wconf 93' lang='lat' dir='ltr'><strong>B.</strong></span> <span class='ocrx_word' id='word_1_175' title='bbox 1405 3206 1452 3271; x_wconf 84' lang='lat' dir='ltr'><strong>M.</strong></span> <span class='ocrx_word' id='word_1_176' title='bbox 1469 3206 1507 3273; x_wconf 88' lang='lat' dir='ltr'><strong>V.</strong></span> <span class='ocrx_word' id='word_1_177' title='bbox 1524 3206 1567 3273; x_wconf 87' lang='lat' dir='ltr'><strong>de</strong></span> 
     </span>
     <span class='ocr_line' id='line_1_25' title="bbox 505 3309 1566 3399; baseline -0.002 -22"><span class='ocrx_word' id='word_1_178' title='bbox 505 3309 709 3399; x_wconf 86' lang='lat' dir='ltr'><strong>Guadalupe</strong></span> <span class='ocrx_word' id='word_1_179' title='bbox 725 3312 870 3377; x_wconf 89' lang='lat' dir='ltr'><strong>solemni</strong></span> <span class='ocrx_word' id='word_1_180' title='bbox 885 3310 1084 3377; x_wconf 85' lang='lat' dir='ltr'><strong>celebritate</strong></span> <span class='ocrx_word' id='word_1_181' title='bbox 1100 3312 1167 3377; x_wconf 81' lang='lat' dir='ltr'><strong>fuit</strong></span> <span class='ocrx_word' id='word_1_182' title='bbox 1188 3315 1357 3377; x_wconf 81' lang='lat' dir='ltr'><strong>venerata</strong></span> <span class='ocrx_word' id='word_1_183' title='bbox 1375 3309 1461 3390; x_wconf 83' lang='lat' dir='ltr'><strong>Quis</strong></span> <span class='ocrx_word' id='word_1_184' title='bbox 1477 3310 1566 3375; x_wconf 89' lang='lat' dir='ltr'><strong>enim</strong></span> 
     </span>
     <span class='ocr_line' id='line_1_26' title="bbox 505 3412 1567 3501; baseline -0.001 -21"><span class='ocrx_word' id='word_1_185' title='bbox 505 3413 623 3480; x_wconf 88' lang='lat' dir='ltr'><strong>credat</strong></span> <span class='ocrx_word' id='word_1_186' title='bbox 636 3414 673 3479; x_wconf 92' lang='lat' dir='ltr'><strong>in</strong></span> <span class='ocrx_word' id='word_1_187' title='bbox 687 3419 784 3480; x_wconf 90' lang='lat' dir='ltr'><strong>tanto</strong></span> <span class='ocrx_word' id='word_1_188' title='bbox 799 3413 888 3481; x_wconf 85' lang='lat' dir='ltr'><strong>festo</strong></span> <span class='ocrx_word' id='word_1_189' title='bbox 904 3414 1000 3479; x_wconf 81' lang='lat' dir='ltr'><strong>verbi</strong></span> <span class='ocrx_word' id='word_1_190' title='bbox 1015 3415 1082 3480; x_wconf 87' lang='lat' dir='ltr'><strong>Dei</strong></span> <span class='ocrx_word' id='word_1_191' title='bbox 1103 3436 1289 3501; x_wconf 87' lang='lat' dir='ltr'><strong>praecones</strong></span> <span class='ocrx_word' id='word_1_192' title='bbox 1305 3417 1418 3477; x_wconf 89' lang='lat' dir='ltr'><strong>mutos</strong></span> <span class='ocrx_word' id='word_1_193' title='bbox 1436 3412 1567 3479; x_wconf 84' lang='lat' dir='ltr'><strong>extitis-</strong></span> 
     </span>
     <span class='ocr_line' id='line_1_27' title="bbox 504 3516 1567 3603; baseline -0.002 -20"><span class='ocrx_word' id='word_1_194' title='bbox 504 3516 557 3583; x_wconf 83' lang='lat' dir='ltr'><strong>se?</strong></span> <span class='ocrx_word' id='word_1_195' title='bbox 601 3516 847 3603; x_wconf 72' lang='lat' dir='ltr'><strong>sedquoniam</strong></span> <span class='ocrx_word' id='word_1_196' title='bbox 873 3518 1077 3584; x_wconf 87' lang='lat' dir='ltr'><strong>interierunt</strong></span> <span class='ocrx_word' id='word_1_197' title='bbox 1103 3518 1263 3603; x_wconf 90' lang='lat' dir='ltr'><strong>plurima,</strong></span> <span class='ocrx_word' id='word_1_198' title='bbox 1295 3536 1403 3600; x_wconf 89' lang='lat' dir='ltr'><strong>eaque</strong></span> <span class='ocrx_word' id='word_1_199' title='bbox 1420 3536 1567 3581; x_wconf 88' lang='lat' dir='ltr'><strong>summo·</strong></span> 
     </span>
     <span class='ocr_line' id='line_1_28' title="bbox 503 3618 1567 3707; baseline -0.003 -22"><span class='ocrx_word' id='word_1_200' title='bbox 503 3642 585 3707; x_wconf 86' lang='lat' dir='ltr'><strong>pere</strong></span> <span class='ocrx_word' id='word_1_201' title='bbox 600 3620 839 3699; x_wconf 85' lang='lat' dir='ltr'><strong>aestimabilia,</strong></span> <span class='ocrx_word' id='word_1_202' title='bbox 855 3620 970 3687; x_wconf 87' lang='lat' dir='ltr'><strong>adres</strong></span> <span class='ocrx_word' id='word_1_203' title='bbox 993 3626 1128 3685; x_wconf 89' lang='lat' dir='ltr'><strong>nostras</strong></span> <span class='ocrx_word' id='word_1_204' title='bbox 1144 3620 1366 3707; x_wconf 86' lang='lat' dir='ltr'><strong>perantiquae</strong></span> <span class='ocrx_word' id='word_1_205' title='bbox 1396 3618 1567 3703; x_wconf 85' lang='lat' dir='ltr'><strong>pertinen·</strong></span> 
     </span>
    </p>
   </div>
   <div class='ocr_carea' id='block_1_9' title="bbox 498 3720 1566 4431">
    <p class='ocr_par' dir='ltr' id='par_1_9' title="bbox 498 3720 1566 4431">
     <span class='ocr_line' id='line_1_29' title="bbox 502 3720 1565 3811; baseline -0.006 -20"><span class='ocrx_word' id='word_1_206' title='bbox 502 3723 562 3803; x_wconf 86' lang='lat' dir='ltr'><strong>tia,</strong></span> <span class='ocrx_word' id='word_1_207' title='bbox 578 3724 725 3811; x_wconf 85' lang='lat' dir='ltr'><strong>probare</strong></span> <span class='ocrx_word' id='word_1_208' title='bbox 741 3724 856 3789; x_wconf 88' lang='lat' dir='ltr'><strong>omnia</strong></span> <span class='ocrx_word' id='word_1_209' title='bbox 877 3724 1039 3789; x_wconf 89' lang='lat' dir='ltr'><strong>historice</strong></span> <span class='ocrx_word' id='word_1_210' title='bbox 1056 3746 1124 3788; x_wconf 90' lang='lat' dir='ltr'><strong>non</strong></span> <span class='ocrx_word' id='word_1_211' title='bbox 1139 3723 1220 3789; x_wconf 88' lang='lat' dir='ltr'><strong>licet</strong></span> <span class='ocrx_word' id='word_1_212' title='bbox 1235 3722 1346 3787; x_wconf 89' lang='lat' dir='ltr'><strong>hodic.</strong></span> <span class='ocrx_word' id='word_1_213' title='bbox 1392 3720 1519 3786; x_wconf 86' lang='lat' dir='ltr'><strong>Verum</strong></span> <span class='ocrx_word' id='word_1_214' title='bbox 1535 3720 1565 3787; x_wconf 86' lang='lat' dir='ltr'><strong>si</strong></span> 
     </span>
     <span class='ocr_line' id='line_1_30' title="bbox 503 3826 1566 3915; baseline -0.003 -21"><span class='ocrx_word' id='word_1_215' title='bbox 503 3826 547 3894; x_wconf 83' lang='lat' dir='ltr'><strong>ad</strong></span> <span class='ocrx_word' id='word_1_216' title='bbox 562 3850 603 3895; x_wconf 91' lang='lat' dir='ltr'><strong>ea</strong></span> <span class='ocrx_word' id='word_1_217' title='bbox 631 3850 720 3915; x_wconf 84' lang='lat' dir='ltr'><strong>qnae</strong></span> <span class='ocrx_word' id='word_1_218' title='bbox 750 3826 913 3894; x_wconf 86' lang='lat' dir='ltr'><strong>historice</strong></span> <span class='ocrx_word' id='word_1_219' title='bbox 943 3828 1135 3915; x_wconf 88' lang='lat' dir='ltr'><strong>probantur</strong></span> <span class='ocrx_word' id='word_1_220' title='bbox 1165 3826 1390 3904; x_wconf 84' lang='lat' dir='ltr'><strong>attendamus,</strong></span> <span class='ocrx_word' id='word_1_221' title='bbox 1422 3830 1566 3913; x_wconf 87' lang='lat' dir='ltr'><strong>apparet</strong></span> 
     </span>
     <span class='ocr_line' id='line_1_31' title="bbox 501 3926 1565 4017; baseline -0.004 -20"><span class='ocrx_word' id='word_1_222' title='bbox 501 3928 627 3997; x_wconf 86' lang='lat' dir='ltr'><strong>Rmum</strong></span> <span class='ocrx_word' id='word_1_223' title='bbox 645 3930 831 4010; x_wconf 85' lang='lat' dir='ltr'><strong>Montufar‚</strong></span> <span class='ocrx_word' id='word_1_224' title='bbox 847 3930 909 4017; x_wconf 93' lang='lat' dir='ltr'><strong>qui</strong></span> <span class='ocrx_word' id='word_1_225' title='bbox 924 3930 1094 3997; x_wconf 90' lang='lat' dir='ltr'><strong>secundus</strong></span> <span class='ocrx_word' id='word_1_226' title='bbox 1116 3930 1183 3996; x_wconf 85' lang='lat' dir='ltr'><strong>tuit</strong></span> <span class='ocrx_word' id='word_1_227' title='bbox 1211 3928 1410 3995; x_wconf 79' lang='lat' dir='ltr'><strong>Mexicsnus</strong></span> <span class='ocrx_word' id='word_1_228' title='bbox 1425 3926 1565 3993; x_wconf 86' lang='lat' dir='ltr'><strong>Archia·</strong></span> 
     </span>
     <span class='ocr_line' id='line_1_32' title="bbox 501 4032 1564 4123; baseline 0.002 -24"><span class='ocrx_word' id='word_1_229' title='bbox 501 4032 674 4121; x_wconf 88' lang='lat' dir='ltr'><strong>piscopus‚</strong></span> <span class='ocrx_word' id='word_1_230' title='bbox 689 4039 793 4120; x_wconf 87' lang='lat' dir='ltr'><strong>atque</strong></span> <span class='ocrx_word' id='word_1_231' title='bbox 805 4034 909 4100; x_wconf 87' lang='lat' dir='ltr'><strong>etiam</strong></span> <span class='ocrx_word' id='word_1_232' title='bbox 920 4035 1006 4101; x_wconf 91' lang='lat' dir='ltr'><strong>alios</strong></span> <span class='ocrx_word' id='word_1_233' title='bbox 1018 4035 1221 4101; x_wconf 81' lang='lat' dir='ltr'><strong>Sacerdotes</strong></span> <span class='ocrx_word' id='word_1_234' title='bbox 1244 4035 1312 4123; x_wconf 90' lang='lat' dir='ltr'><strong>ipsi</strong></span> <span class='ocrx_word' id='word_1_235' title='bbox 1328 4056 1472 4101; x_wconf 78' lang='lat' dir='ltr'><strong>coaevos</strong></span> <span class='ocrx_word' id='word_1_236' title='bbox 1488 4056 1564 4101; x_wconf 91' lang='lat' dir='ltr'><strong>con·</strong></span> 
     </span>
     <span class='ocr_line' id='line_1_33' title="bbox 502 4136 1562 4225; baseline 0.004 -24"><span class='ocrx_word' id='word_1_237' title='bbox 502 4136 618 4205; x_wconf 83' lang='lat' dir='ltr'><strong>aiones</strong></span> <span class='ocrx_word' id='word_1_238' title='bbox 632 4138 794 4204; x_wconf 86' lang='lat' dir='ltr'><strong>habuisse</strong></span> <span class='ocrx_word' id='word_1_239' title='bbox 811 4138 853 4203; x_wconf 87' lang='lat' dir='ltr'><strong>de</strong></span> <span class='ocrx_word' id='word_1_240' title='bbox 869 4138 908 4203; x_wconf 94' lang='grc' dir='ltr'><strong>Β.</strong></span> <span class='ocrx_word' id='word_1_241' title='bbox 926 4138 971 4203; x_wconf 90' lang='grc' dir='ltr'><strong>Μ.</strong></span> <span class='ocrx_word' id='word_1_242' title='bbox 989 4138 1027 4205; x_wconf 85' lang='lat' dir='ltr'><strong>V.</strong></span> <span class='ocrx_word' id='word_1_243' title='bbox 1045 4137 1087 4204; x_wconf 88' lang='lat' dir='ltr'><strong>de</strong></span> <span class='ocrx_word' id='word_1_244' title='bbox 1111 4138 1324 4225; x_wconf 88' lang='lat' dir='ltr'><strong>Guadalnpe:</strong></span> <span class='ocrx_word' id='word_1_245' title='bbox 1341 4144 1444 4224; x_wconf 88' lang='lat' dir='ltr'><strong>atque</strong></span> <span class='ocrx_word' id='word_1_246' title='bbox 1461 4141 1562 4205; x_wconf 87' lang='lat' dir='ltr'><strong>etiam</strong></span> 
     </span>
     <span class='ocr_line' id='line_1_34' title="bbox 501 4238 1562 4321; baseline 0.002 -16"><span class='ocrx_word' id='word_1_247' title='bbox 501 4244 659 4307; x_wconf 76' lang='lat' dir='ltr'><strong>comtant</strong></span> <span class='ocrx_word' id='word_1_248' title='bbox 683 4238 727 4306; x_wconf 89' lang='lat' dir='ltr'><strong>de</strong></span> <span class='ocrx_word' id='word_1_249' title='bbox 742 4238 861 4306; x_wconf 87' lang='lat' dir='ltr'><strong>eadem</strong></span> <span class='ocrx_word' id='word_1_250' title='bbox 887 4261 924 4305; x_wconf 91' lang='lat' dir='ltr'><strong>re</strong></span> <span class='ocrx_word' id='word_1_251' title='bbox 954 4239 1188 4318; x_wconf 88' lang='lat' dir='ltr'><strong>concionandi,</strong></span> <span class='ocrx_word' id='word_1_252' title='bbox 1205 4240 1276 4305; x_wconf 81' lang='lat' dir='ltr'><strong>sive</strong></span> <span class='ocrx_word' id='word_1_253' title='bbox 1292 4240 1475 4321; x_wconf 83' lang='lat' dir='ltr'><strong>mexicane,</strong></span> <span class='ocrx_word' id='word_1_254' title='bbox 1491 4240 1562 4307; x_wconf 76' lang='lat' dir='ltr'><strong>sivo</strong></span> 
     </span>
     <span class='ocr_line' id='line_1_35' title="bbox 498 4340 1559 4431; baseline 0.003 -23"><span class='ocrx_word' id='word_1_255' title='bbox 498 4340 653 4431; x_wconf 81' lang='lat' dir='ltr'><strong>hispane,</strong></span> <span class='ocrx_word' id='word_1_256' title='bbox 669 4342 847 4431; x_wconf 84' lang='lat' dir='ltr'><strong>antiquam</strong></span> <span class='ocrx_word' id='word_1_257' title='bbox 874 4342 1029 4411; x_wconf 84' lang='lat' dir='ltr'><strong>extitisse</strong></span> <span class='ocrx_word' id='word_1_258' title='bbox 1059 4342 1348 4425; x_wconf 87' lang='lat' dir='ltr'><strong>consuetudinem,</strong></span> <span class='ocrx_word' id='word_1_259' title='bbox 1378 4364 1511 4411; x_wconf 87' lang='lat' dir='ltr'><strong>necnon</strong></span> <span class='ocrx_word' id='word_1_260' title='bbox 1526 4348 1559 4411; x_wconf 84' lang='lat' dir='ltr'><strong>et</strong></span> 
     </span>
    </p>
   </div>
   <div class='ocr_carea' id='block_1_10' title="bbox 0 0 1818 5217">
    <p class='ocr_par' dir='ltr' id='par_1_10' title="bbox 0 0 1818 5217">
     <span class='ocr_line' id='line_1_36' title="bbox 0 0 1818 5217; baseline 0 5"><span class='ocrx_word' id='word_1_261' title='bbox 0 0 1818 5217; x_wconf 95' lang='lat' dir='ltr'><strong> </strong></span> 
     </span>
    </p>
   </div>
  </div>
 </body>
</html>
