3625 5217
821 510 868 603 ¹ce

319 680 486 751 auxilinm
501 686 537 749 et
562 680 793 749 defensionem
823 680 1028 769 impertirem,
1050 681 1213 767 quoniam
1227 701 1292 769 ego
1307 679 1379 747 cle·

319 786 465 853 montisc
477 784 599 864 Meter,
612 790 647 851 et
658 782 734 862 tibi,
746 788 781 849 et
791 782 871 862 tuis,
884 788 921 849 et
932 780 1011 849 eliis
1019 782 1304 871 quibuscumque,
1316 782 1378 870 qni

317 892 464 981 diligunt
476 916 538 971 me,
548 898 584 959 et
598 891 660 978 qui
672 890 794 958 devote
804 896 839 958 et
851 890 1060 959 confidenter
1071 914 1125 957 me
1135 889 1377 969 invocaverint,

316 998 580 1086 etqneesierint:
595 998 644 1063 ibi
656 999 826 1085 leorymcs
841 996 979 1063 illorum
995 994 1188 1075 exaudium,
1203 996 1240 1061 in
1253 1016 1377 1081 angus-

317 1100 377 1169 tiis
386 1100 608 1179 benefaciam,
624 1106 659 1168 et
678 1100 713 1166 in
739 1104 829 1167 omni
842 1099 1066 1168 tribulatione
1092 1096 1281 1164 remedium
1296 1096 1375 1163 ude·

317 1228 401 1272 ram.
415 1202 465 1272 Ut
473 1209 587 1271 autem
600 1225 712 1269 meum
725 1202 820 1291 pium
832 1201 1041 1270 desiderium
1051 1200 1290 1287 adimpleatur,
1300 1198 1376 1265 Me-

320 1306 431 1373 xicum
447 1304 504 1371 edi
519 1305 554 1371 in
569 1304 708 1373 domum
717 1305 894 1393 Episcopi:
907 1311 942 1391 te
953 1328 974 1373 s
984 1328 1039 1372 me
1048 1306 1191 1373 missum
1208 1304 1303 1372 dices
1313 1304 1376 1384 illi,

319 1414 360 1475 ut
372 1408 487 1496 ipsum
502 1408 589 1475 scire
607 1408 715 1475 iacies
732 1408 906 1495 quomodo
926 1432 1040 1475 meum
1057 1410 1094 1475 in
1113 1409 1277 1475 honorem
1295 1414 1380 1475 tcm-

319 1511 414 1599 plum
424 1510 483 1577 hic
494 1510 573 1576 volo
588 1508 773 1589 sedifioari;
785 1514 887 1597 utque
899 1510 954 1602 illi
963 1509 1141 1577 enarrabis
1149 1506 1320 1595 quidquid
1332 1507 1381 1573 vi·

321 1613 411 1693 disti,
422 1618 457 1679 et
472 1612 644 1693 audivisti,
657 1618 693 1679 et
709 1612 897 1680 admiratus
910 1635 959 1692 es;
973 1612 1076 1679 corde
1098 1612 1203 1679 etium
1217 1611 1284 1678 tibi
1297 1609 1382 1679 insi·

322 1728 393 1789 tum
405 1722 452 1787 sit
460 1725 556 1809 grate
573 1742 625 1785 me
641 1740 730 1807 opus
742 1724 839 1785 tuum
852 1723 887 1784 et
899 1718 1077 1785 servitium
1089 1720 1230 1804 eccepto
1242 1714 1383 1793 hebere,

321 1828 424 1910 etque
435 1845 498 1911 pro
510 1822 594 1889 illiis
605 1822 742 1887 bonust
756 1821 848 1887 lectu
860 1820 911 1887 tib
923 1819 1157 1899 iredditurnm,
1169 1842 1233 1907 pro
1244 1817 1381 1905 quibus,

322 1926 449 2015 optime
473 1922 622 1991 mereris.
656 1922 831 1989 Audivisti
846 1944 938 2011 ergo,
954 1922 1177 1991 dilectissime
1202 1921 1262 2001 fili,
1278 1922 1384 1988 verbs

323 2050 407 2097 mes:
423 2028 507 2094 vade
536 2028 655 2115 igitur·
668 2032 704 2093 et
718 2026 801 2092 fsc''
829 2025 931 2093 Illico
957 2026 1143 2095 coremilla
1166 2025 1319 2092 Joennes
1345 2046 1382 2091 se

323 2134 517 2223 prostravit,
533 2138 569 2199 et
583 2130 681 2199 dixit:
698 2131 841 2199 Domina
857 2154 937 2210 mcc,
954 2132 1086 2217 Bcpiuu,
1099 2130 1180 2197 oudo
1190 2150 1244 2215 epo
1258 2127 1386 2193 hamdis

322 2258 431 2303 servre
445 2243 517 2303 tuus
530 2236 575 2301 ud
589 2244 677 2301 tuom
706 2236 895 2301 eductorem
919 2235 1085 2299 etcertum
1106 2240 1195 2297 tuum
1209 2230 1383 2319 adimplen-

323 2339 406 2405 dum.
431 2338 619 2405 Descendit
630 2360 711 2423 ergo
726 2337 868 2404 utillud
883 2340 1120 2422 exequeretur,
1136 2340 1240 2420 stclue
1255 2332 1292 2398 in
1311 2332 1385 2398 Me·

324 2445 435 2515 xioum
451 2446 517 2513 iter
532 2444 686 2533 arripuit.

366 2586 417 2654 Ut
445 2588 600 2675 pervenit
628 2588 720 2653 intra
749 2586 932 2665 civitatem,
963 2583 1080 2650 stetim
1109 2582 1248 2648 domum
1279 2578 1387 2647 odivit

324 2688 498 2779 Episcopi,
529 2688 589 2777 qni
604 2712 714 2777 nuper
726 2688 923 2767 advenerat
939 2686 994 2753 cui
1006 2706 1129 2752 nomen
1144 2684 1186 2750 D.
1202 2683 1259 2749 Fr.
1281 2682 1306 2751 J
1306 2703 1387 2749 oen·

326 2814 386 2859 nes
401 2791 443 2859 de
473 2792 687 2881 Sumerraga,
704 2790 845 2859 Ordinis
860 2788 979 2858 Sancti
990 2786 1175 2855 Francisci.
1218 2787 1332 2873 Atque
1348 2790 1387 2851 ut

327 2895 408 2962 illuc
423 2894 570 2975 advenit,
585 2894 700 2983 ipsum
715 2892 831 2961 videre
854 2892 991 2980 sategit,
1007 2912 1071 2978 pro
1086 2912 1157 2977 quo
1170 2888 1319 2957 tumulos
1333 2911 1388 2955 ro·

326 3002 392 3087 gat
409 2998 619 3087 Episcopum
635 2996 772 3064 tandem
784 3000 838 3063 est
849 2994 1029 3070 allocutus,
1041 2993 1118 3080 ipso
1128 2992 1268 3079 jubente
1283 2995 1323 3058 ut
1337 2991 1387 3058 in·

327 3101 454 3169 troiret
471 3100 521 3168 Ut
536 3122 649 3167 eorem
663 3100 725 3165 illo
740 3100 917 3187 ingressus
943 3095 1173 3174 estimares,
1198 3094 1317 3162 statim
1330 3118 1387 3183 ge·

327 3204 490 3284 uudectit,
506 3208 608 3291 etque
623 3202 806 3270 manifeste
821 3201 904 3269 iecit
933 3206 969 3270 et
982 3198 1088 3268 refert
1112 3198 1265 3288 Reginae
1291 3198 1388 3269 coeli

328 3306 537 3380 voluntatem
546 3309 581 3373 et
596 3304 709 3384 verbe,
723 3302 767 3371 ad
778 3301 863 3395 quid
875 3303 951 3392 ipse
960 3303 1087 3371 missus
1098 3302 1154 3383 sit,
1169 3308 1272 3389 atque
1284 3302 1388 3371 etiam

329 3404 442 3472 omnia
456 3424 544 3492 quae
560 3402 749 3471 admiratus
779 3410 841 3485 est,
857 3425 947 3490 quae
975 3401 1072 3482 vidit,
1103 3406 1139 3469 et
1154 3402 1293 3469 audivit
1338 3402 1389 3470 Ut

326 3516 443 3579 'sutem
457 3510 612 3579 Antistes
622 3510 790 3579 Joennem
803 3508 944 3588 audivit,
960 3508 1058 3597 quusi
1073 3528 1143 3575 non
1153 3504 1292 3573 omnino
1318 3526 1390 3573 cre·

329 3614 422 3697 dens,
437 3614 490 3681 illi
504 3610 692 3703 respoudit:
736 3610 814 3691 Fui,
844 3612 959 3678 derum
974 3610 1083 3690 m,
1097 3615 1127 3677 ct
1140 3606 1245 3675 rudius
1256 3608 1391 3675 audiam

330 3722 553 3805 teeyeeuem
574 3712 655 3783 miti
682 3714 820 3799 cupidate
841 3710 1035 3803 quiisoocre
1062 3710 1390 3800 oportautdeiuovo·

321 3818 486 3913 'imitated
506 3812 669 3882 desiderio.
714 3812 839 3883 Tristis
854 3810 942 3881 obiit
964 3811 1126 3891 Jouunes,
1142 3832 1184 3880 eo
1213 3809 1307 3901 quod
1321 3832 1390 3877 non

310 3928 312 3933 ’
330 3918 397 3987 init
411 3917 635 4009 edimpletum
650 3916 738 3987 iliud
753 3916 797 3984 ad
818 3915 914 4005 quod
927 3914 1055 3984 missus
1069 3913 1144 3984 init

373 4038 504 4107 Eodem
533 4038 589 4106 die
615 4059 773 4107 reversus
801 4038 962 4117 domnos,
978 4036 1077 4104 collis
1091 4024 1260 4104 summum
1276 4056 1392 4103 escen·

331 4142 392 4221 dit,
408 4146 511 4229 etque
526 4139 570 4207 ad
585 4140 682 4208 Coeli
696 4139 863 4228 Reginum
885 4138 1049 4227 pervenit,
1065 4159 1153 4223 quse
1169 4137 1264 4203 illum
1294 4137 1393 4225 sepi-

332 4241 444 4321 ciebat
471 4240 516 4321 ,ub
530 4263 572 4319 eu
600 4240 678 4342 ipso
692 4240 769 4311 loco
784 4239 843 4307 ubi
858 4239 956 4341 prius
976 4237 1074 4318 iilam
1089 4236 1187 4305 vidit:
1202 4258 1316 4309 eorem
1330 4236 1392 4319 ille
