3625 5217
761 608 825 677 159

266 788 336 851 tem
350 791 492 872 propter
512 783 692 853 scientim
706 786 742 851 et
755 782 902 853 munta
916 781 1107 854 honoratus
1121 778 1237 859 iuemt,
1253 776 1334 849 inde

268 897 365 979 patet
378 894 473 981 quod
494 893 570 981 ejus
594 893 705 961 lunari
734 897 770 961 et
784 891 1092 981 Metropolitanum
1122 888 1336 977 Capitulum,

270 1000 305 1063 et
319 996 428 1077 uirile,
455 1003 559 1087 atque
574 997 662 1065 aliae
691 994 914 1065 honorabiles
942 994 1082 1063 adfuere
1112 992 1335 1061 eommunita·

270 1104 331 1166 tes
350 1101 396 1185 (1)
412 1100 560 1190 Scripsit

311 1220 442 1307 Imiiqea
468 1222 554 1289 dela
575 1222 689 1309 νίψαι
703 1222 820 1289 Maria
847 1219 1115 1289 HodrudeDios
1141 1220 1181 1287 de
1201 1220 1334 1291 Gaudo-

268 1330 347 1419 lspe,
361 1332 633 1419 miiaprosumerrtr
646 1333 821 1421 aporeoido
833 1355 872 1401 en
885 1332 919 1401 la
928 1332 1048 1401 oiudsd
1060 1332 1100 1399 de
1114 1331 1246 1412 Μάυίω,
1261 1332 1333 1401 oela-

267 1426 1332 1529 irodamrutiatoriaeonloprofoeiodeloupitrdoltdei'dpo-

266 1538 403 1626 wlepem.
426 1540 511 1630 Typ.
528 1542 609 1610 edit
626 1542 753 1613 Manioi
767 1564 857 1611 anno
872 1543 966 1611 164u
985 1542 1031 1629 (2)

309 1710 359 1777 13.
382 1712 476 1781 Imzo
490 1712 533 1781 de
549 1714 583 1780 la
593 1712 690 1802 Vega
713 1715 757 1781 D.
772 1714 980 1795 Ludovious,
995 1713 1192 1804 Presbyter,
1219 1714 1329 1805 Cape-

268 1814 378 1883 lianus
398 1814 534 1903 Templi
559 1816 847 1907 Guadalupsnsia,
875 1816 1113 1887 Portionarius
1138 1818 1262 1885 deinde
1291 1818 1329 1885 in

265 1919 534 2006 Metropolitum
556 1920 714 1988 Ecclesia
729 1919 917 1989 Moxioana
942 1920 988 2007 (3)
1020 1921 1129 2011 Typis
1152 1918 1328 1989 mandavit

264 2044 354 2089 anno
369 2022 454 2090 1649

304 2124 497 2193 Historiam
511 2127 690 2215 antiquam
711 2127 1033 2216 Guadalupsnsium
1047 2126 1324 2217 Apporitionnm,

262 2228 435 2295 mexioane
450 2230 614 2318 seriptum
629 2230 892 2319 elegentissime
911 2232 957 2319 (4)

304 2330 490 2421 Exemplar
503 2332 599 2401 illius
613 2332 694 2423 imp.
718 2340 914 2403 asservatur
929 2338 963 2401 in
977 2334 1197 2403 Bibliothooa
1210 2334 1339 2423 publi-·

262 2456 302 2499 oa
312 2434 616 2516 Guadalaxarensi,
632 2436 694 2503 ubi
708 2436 814 2519 illann,
826 2438 888 2525 qui
898 2438 992 2517 uelit,
1008 2437 1121 2525 legere
1136 2440 1260 2525 potest
1277 2439 1325 2507 Et

261 2541 401 2628 insuper
409 2563 452 2608 ea
459 2564 541 2630 pars
552 2543 636 2629 ejus,
647 2541 685 2609 in
695 2564 766 2629 qua
773 2547 958 2611 narrantur
968 2543 1007 2611 Β.
1019 2542 1066 2609 M
1079 2542 1119 2611 V.
1131 2540 1174 2609 do
1186 2541 1324 2610 Guada'-

261 2642 343 2731 lupe
351 2644 606 2733 Appen-itiones,
620 2643 768 2714 habetur
781 2644 819 2713 in
828 2644 946 2713 Prima
956 2644 1059 2713 Parte
1070 2645 1173 2733 hujus
1187 2642 1325 2713 Disser-

259 2748 410 2815 tationis.
440 2748 489 2814 Et
502 2745 687 2814 lieetLano
701 2747 745 2815 ds
759 2749 795 2815 la
807 2749 904 2835 Vaga
918 2748 1050 2817 nonsit
1085 2753 1205 2817 auotor
1219 2748 1324 2836 hujus

258 2848 483 2927 Narrationis,
496 2847 735 2917 auctoritatem
750 2849 803 2917 illi
818 2848 962 2929 addidit,
975 2872 1044 2917 non
1055 2848 1157 2917 modo
1168 2872 1233 2919 sua
1247 2872 1324 2917 son·

261 2952 378 3031 tentia,
391 2974 509 3019 vorum
520 2952 625 3019 etiam
636 2974 678 3019 oo
689 2954 793 3040 quod,
805 2953 883 3041 ipso
897 2959 1030 3042 agento,
1049 2954 1144 3043 typis
1162 2954 1324 3022 mandata

260 3053 379 3123 iuitde
391 3053 723 3138 Ordinariilioentia,
735 3060 920 3147 etprsoria
931 3057 1179 3147 approbatione
1191 3058 1325 3127 theolo-

260 3162 344 3248 gioa

278 3367 282 3376 '
301 3357 345 3434 (r)
388 3352 546 3423 Beristaiu,
562 3350 739 3415 Biblioteca.
754 3365 808 3416 art.
824 3356 961 3417 Sanchea
976 3356 1014 3417 D.
1033 3355 1159 3435 Miguel.

299 3457 343 3535 (κ)
388 3450 545 3523 Beristain,
561 3451 684 3514 Bibliot.
699 3464 753 3514 art.
770 3452 907 3515 Sanchea
923 3458 961 3517 D.
994 3454 1145 3535 Miguel-
1152 3456 1321 3533 Florencia,

259 3555 305 3613 La
319 3552 447 3613 Estrelle
461 3552 511 3613 del
526 3552 622 3613 Norte
636 3552 675 3614 de
691 3552 822 3627 Mexico,
837 3572 903 3633 cap.
926 3554 1163 3635 14.-Boturini,
1178 3554 1230 3635 qui
1245 3559 1325 3619 hanc

261 3649 426 3712 Historiam
453 3652 536 3728 apud
564 3652 726 3725 rehabuit,
754 3650 798 3713 uti
813 3654 879 3733 ipse
893 3666 1019 3717 testetur
1032 3654 1079 3737 inl
1093 3660 1241 3739 Catalogo
1257 3660 1324 3722 Mu·

260 3750 320 3809 saei
336 3749 467 3820 Indiani,
482 3752 498 3825 5
510 3750 778 3829 342-Luzuriaga,
791 3754 936 3816 Historia
948 3756 983 3817 de
1002 3756 1034 3817 la
1061 3759 1186 3837 Imdgen
1207 3778 1232 3837 y
1245 3760 1323 3823 San·

259 3850 359 3909 tuario
371 3850 409 3907 de
424 3850 594 3925 Aranzazri,
607 3848 659 3911 lib.
676 3867 703 3912 2.
716 3850 736 3889 0
761 3871 828 3931 cap.
844 3875 871 3932 3.
884 3854 905 3895 0
927 3856 957 3917 in
973 3856 1109 3937 margine
1123 3858 1163 3920 ad
1178 3858 1261 3922 num.
1275 3878 1323 3943 25,

258 3944 310 4006 ubi
325 3949 360 4008 B.
377 3950 421 4008 M.
437 3948 476 4008 V.
490 3950 530 4012 de
545 3952 724 4032 Guadslupe
746 3953 1103 4035 Apparitionem‘narrat;
1118 3970 1148 4021 et
1163 3958 1224 4021 alii.

298 4061 343 4139 (3)
387 4063 545 4138 Beristain,
562 4066 682 4130 Bibliot.
714 4066 803 4147 Hisp.
819 4071 949 4135 Americ.
964 4076 1033 4155 art(
1050 4079 1131 4139 Iazo
1145 4078 1184 4139 de
1199 4078 1228 4139 la
1240 4080 1325 4159 Vega

260 4167 297 4227 D.
314 4167 398 4232 Lais.

293 4267 340 4347 (4)
382 4269 538 4379 lieristain,
569 4271 690 4374 Bibliot.
705 4288 763 4340 art.
780 4280 862 4349 Lazo
877 4280 917 4345 de
931 4278 961 4345 la
975 4282 1061 4363 vega
1076 4286 1114 4347 D.
1132 4285 1215 4363 Luis3
1231 4289 1325 4353 etalii

254 4380 463 4430 communiter.
