3625 5217
757 377 822 495 ier

270 589 474 684 Gnadelupe
509 598 693 685 imagenes
716 603 778 664 etc
809 620 873 665 nee
897 604 1021 687 postea
1046 598 1203 665 cessavit:
1228 594 1333 665 refert

270 696 361 763 enim
372 698 433 765 Dr.
448 700 568 779 Uribe,
586 702 632 787 (1)
648 705 708 788 qui
724 702 864 791 scripsit
889 702 1083 768 declinante
1112 703 1180 789 jum
1196 698 1334 767 saeculo

271 800 405 881 XVIII,
427 806 541 873 adhuc
555 830 597 871 eo
609 814 762 894 tempore
775 831 896 875 causas
912 832 980 875 non
1003 810 1154 875 defuisse
1182 816 1220 875 ul
1235 808 1334 895 quin·

273 926 340 989 qne
355 914 417 975 eut
430 932 490 975 ser
505 909 637 990 vicjbue
647 910 682 975 in
693 934 900 999 unoquoque
917 934 1015 993 anne,
1032 912 1189 1008 perduas
1200 911 1337 978 circiter

274 1006 386 1087 horae,
402 1012 533 1099 absque
556 1017 720 1102 crystallo
750 1018 856 1084 Sacra
872 1016 993 1105 Imago
1023 1014 1217 1083 reverenter
1246 1018 1336 1103 aspi·

275 1118 417 1194 ceretnr,
434 1123 538 1203 atque
554 1125 635 1187 tunc
650 1128 687 1187 et
701 1120 900 1186 immediate
915 1142 936 1185 a
951 1119 1114 1186 fidelibus
1125 1118 1285 1198 osculari,
1301 1124 1337 1185 et

275 1218 314 1279 ut
327 1215 508 1285 innumera
522 1224 740 1303 numismata,
770 1229 805 1290 et
820 1224 982 1301 rosarius,
995 1229 1031 1289 et
1056 1222 1247 1309 Imagenes,
1263 1228 1336 1299 etc,

276 1316 387 1401 ipsam
404 1340 538 1387 sacram
552 1321 744 1413 Imaginem
764 1326 909 1413 physice
939 1332 1118 1415 tangerent
1133 1326 1336 1413 permissum

277 1426 360 1486 erat.
1286 1422 1290 1429 '

320 1564 385 1633 Pio
399 1572 514 1637 animo
527 1572 619 1641 iacta
633 1582 714 1641 sunt
728 1576 824 1653 haec;
838 1596 957 1644 verum
974 1576 1072 1641 valde
1093 1571 1340 1661 imprudenter:

280 1664 450 1739 Dominus
465 1678 555 1742 enim
571 1679 710 1745 Sacram
725 1677 913 1765 Imaginem
930 1678 968 1744 B.
987 1678 1033 1743 M.
1050 1678 1089 1745 V.
1108 1678 1151 1745 de
1167 1676 1340 1745 Guadalu·

279 1790 322 1855 pe
340 1778 583 1863 benignissima
597 1781 726 1869 pietate
737 1784 839 1851 nobie
854 1784 1035 1860 concessis
1050 1806 1117 1849 nou
1133 1788 1248 1849 tamen
1264 1802 1341 1847 con-

280 1878 506 1949 servationem
522 1887 597 1971 ejus
612 1888 782 1975 promisit
797 1886 887 1952 unde
912 1886 1175 1975 diligentissime
1201 1892 1271 1953 tem
1287 1906 1341 1951 ve·

282 1980 446 2051 nerabilie
460 1984 580 2075 Imago
610 1992 738 2057 servari
754 1990 869 2071 debet;
897 1998 933 2057 et
949 1990 1047 2057 valde
1078 1988 1341 2078 improbandum

280 2082 374 2165 quod
389 2086 633 2160 destructionis
649 2116 771 2163 caueae
800 2094 929 2162 luerint
944 2096 1134 2181 appositae.
1180 2092 1342 2160 Dubitari

281 2189 410 2272 nequit,
439 2192 536 2277 juxta
550 2203 691 2265 naturae
707 2201 800 2287 leges
816 2208 869 2269 tot
884 2199 1131 2269 destructionis
1143 2218 1264 2265 causas
1275 2194 1342 2279 jam

283 2290 415 2374 pridem
427 2296 561 2363 ruinam
578 2300 704 2369 Sacrae
716 2304 864 2393 Imagini
878 2304 1043 2371 allaturas
1059 2304 1175 2379 luisse,
1192 2299 1259 2365 nisi
1274 2298 1343 2363 Dm

284 2394 397 2463 minue
413 2398 508 2466 illam
525 2425 727 2472 conservare
741 2410 917 2475 voluisset
936 2407 1083 2495 Insuper
1099 2402 1286 2471 timendum
1302 2422 1344 2467 ue

284 2504 427 2583 propter
438 2510 578 2587 peccata
595 2512 713 2573 nostru
728 2515 825 2577 tanto
841 2512 933 2576 dono
949 2508 1134 2597 aliquando
1161 2522 1343 2571 careamus

326 2608 426 2676 Anno
443 2610 525 2677 1751
541 2634 660 2681 rursus
671 2617 819 2683 examini
834 2626 870 2683 et
884 2616 1012 2701 judicio
1026 2614 1195 2703 pictorum
1210 2606 1346 2695 peritis-

285 2710 450 2779 simorum
465 2715 620 2801 subjecta
633 2718 700 2786 luit-
715 2721 883 2787 mirabilis
897 2722 1018 2807 Imago
1033 2718 1071 2783 B.
1085 2715 1131 2781 lt
1146 2713 1186 2779 V.
1200 2711 1243 2779 de
1255 2711 1347 2779 Gua-

287 2810 420 2901 dalupe.
452 2816 512 2883 Illi
526 2820 677 2906 pictores
691 2822 785 2887 fuere
800 2822 842 2887 D.
860 2819 1010 2886 Michael
1026 2817 1186 2893 Cabrera,
1202 2812 1262 2899 qui
1275 2836 1347 2881 cae·

288 2923 370 2983 teris
379 2919 536 3005 praefuit,
547 2922 591 2987 D.
600 2922 625 2990 J
625 2926 732 3012 oseph
745 2926 876 3004 Iberia,
892 2928 934 2991 D.
946 2922 1149 2991 Emmanuel
1159 2920 1201 2987 de
1214 2920 1347 2995 Osorio‚

289 3028 325 3090 el
334 3024 374 3089 D.
386 3026 410 3093 J
411 3048 538 3091 oannes
548 3026 713 3096 Patritiue
724 3030 871 3095 Moriete
886 3030 983 3096 Ruiz.
1000 3028 1134 3094 Horum
1144 3023 1273 3112 judicio
1282 3028 1349 3089 eta

288 3132 427 3199 bilitnm
435 3134 503 3200 fuir
515 3134 704 3221 Imaginem
715 3138 753 3203 B.
765 3138 812 3203 M.
823 3138 862 3203 V.
875 3138 918 3209 de
928 3135 1132 3221 Gusdalupe
1148 3134 1350 3217 supernatu-

290 3238 408 3305 raliter
423 3262 499 3307 esse
514 3240 686 3329 depictam
701 3242 738 3306 in
752 3243 845 3329 ayatl
861 3242 1007 3309 Ioannis
1017 3236 1149 3305 Didaci.
1175 3233 1262 3301 Inde
1274 3253 1352 3321 pro-

291 3348 567 3439 diitupnsculum
576 3355 617 3420 D.
632 3355 815 3420 Michaelis
831 3354 992 3429 Gabreta,
1004 3350 1056 3415 cui
1069 3348 1191 3415 titulus
1205 3344 1352 3412 Maraci-

291 3458 335 3522 lla
348 3458 542 3523 Americunu
554 3468 617 3524 etc.
633 3459 739 3545 (quod
755 3461 791 3523 iu
807 3459 851 3523 m
861 3458 965 3523 Parte
978 3456 1080 3542 hujus
1090 3450 1353 3521 Dissertationis

293 3568 459 3651 integrum
474 3563 661 3647 inseritur),
677 3562 771 3650 quod
790 3562 1069 3651 approbaverunt
1084 3544 1120 3625 et
1143 3554 1269 3623 caeteri
1283 3554 1353 3645 pic·

294 3680 386 3739 tores
400 3668 588 3745 memorati,
605 3673 641 3733 et
655 3673 727 3735 tres
742 3667 810 3745 alii,
823 3665 966 3743 scilicet,
979 3664 1020 3731 D.
1034 3659 1237 3729 Franciaeus
1249 3658 1354 3725 Antu-

294 3772 373 3841 nius
383 3770 532 3856 Vallejo,
543 3772 585 3837 D.
598 3772 732 3860 Ioseph
743 3771 786 3837 de
798 3770 949 3847 Alcibar,
962 3774 998 3835 et
1010 3766 1049 3831 D.
1066 3765 1089 3833 J
1090 3762 1200 3851 oseph
1214 3762 1356 3839 Arnaer;

292 3880 350 3967 qui
365 3876 470 3944 etiam
484 3874 653 3962 dilgenter
681 3876 902 3961 inspexerant
919 3872 1059 3939 Sacram
1074 3865 1276 3953 Imaginem.
1292 3864 1355 3943 Su·

292 3982 556 4081 pernaturaliter
570 3980 743 4071 depictam
754 3976 945 4065 Imaginem
961 3974 1000 4059 B.
1018 3973 1064 4063 II
1081 3971 1121 4057 ll.
1149 3964 1192 4059 de
1219 3966 1357 4055 Οιωάες.

335 4210 380 4303 (s)
398 4197 403 4207 “
422 4207 486 4287 Ubi
502 4227 602 4301 repre
