3625 5217
768 512 809 578 93

259 686 329 754 tare
345 684 444 755 facile
460 694 522 766 est,
553 684 583 753 si
612 685 699 751 haec
720 684 865 773 pictura,
890 684 935 749 ad
960 680 1167 771 Tepeyacatl
1183 699 1323 769 perma-

258 809 351 866 nens,
368 793 605 875 argumentum
620 786 687 853 fuit
710 784 922 875 approbatae
944 784 1183 871 Apparitionis
1198 784 1243 850 ab
1258 782 1322 851 Or·

258 888 399 958 dinariis
408 888 662 957 Ecclesiasticis
677 888 876 967 Mexicauie‚
892 887 937 955 ad
963 886 1162 954 Tlaxcallau
1177 886 1323 954 transla-

262 1000 304 1071 ta,
320 993 474 1059 eamdem
490 992 642 1059 ostendit
658 991 942 1079 approbationem
956 995 1108 1079 exparte
1124 988 1324 1057 Ordinamo·

262 1117 336 1161 rum
350 1094 724 1183 Angelopolitauorum.

302 1217 380 1285 Alia
408 1216 523 1298 extitit
537 1216 673 1307 pictura
688 1216 724 1283 iu
753 1214 1018 1305 'Pepeyaqnensi
1047 1214 1203 1305 Templo:
1232 1216 1268 1283 in
1283 1230 1326 1283 ea

262 1318 422 1387 solemnis
437 1320 549 1406 prima
562 1322 738 1409 processio
767 1320 1103 1411 repraesentabatur.
1119 1343 1187 1409 qna
1214 1320 1325 1389 Rmue

263 1424 471 1512 Zamarraga
485 1424 645 1491 Sanctam
676 1425 865 1513 Imaginem
889 1422 933 1490 de
961 1424 1167 1512 Gnadalupe
1182 1446 1223 1491 cx
1239 1424 1324 1492 urbe

263 1525 386 1593 Marici
398 1526 443 1593 ad
457 1526 606 1614 primum
622 1526 891 1615 Tepeyaquenee
907 1525 1088 1615 Templum
1104 1526 1256 1606 deduxit,
1269 1550 1325 1594 co·

263 1629 402 1697 mitaute
418 1628 513 1695 Rmo.
532 1630 707 1719 Episcopo
732 1629 907 1709 Fuenlcal,
924 1636 989 1709 etc;
1004 1636 1109 1717 atque
1136 1631 1242 1697 etiam
1272 1654 1326 1698 re·

264 1742 547 1828 praesentabatur
559 1742 762 1809 miraculum
778 1740 1040 1808 resurrectionis
1051 1738 1229 1826 cujusdam
1243 1738 1324 1817 indi,

265 1843 322 1929 qui
334 1866 414 1909 casu
426 1850 509 1909 tunc
522 1849 679 1911 mortuus
694 1843 761 1911 fuit
774 1844 950 1930 (quoniam
965 1844 1068 1909 etiam
1084 1842 1226 1909 militari
1241 1842 1326 1909 belli

265 1948 482 2016 simulatione
499 1948 559 2015 illa
587 1948 768 2015 translatio
783 1947 849 2013 luit
879 1944 1074 2027 celebrata),
1091 1950 1126 2011 et
1156 1966 1269 2011 coram
1284 1944 1324 2011 B.

264 2050 308 2117 Μ.
326 2052 363 2117 V.
381 2052 424 2119 de
440 2054 644 2143 Guadalupe
660 2055 804 2143 positus,
821 2058 856 2119 et
871 2050 1025 2137 Deipara
1054 2053 1205 2129 exorata,
1224 2048 1261 2116 in
1276 2050 1326 2116 vi-

264 2160 332 2220 tam
347 2154 458 2223 rediit
478 2160 525 2239 (1)
542 2158 726 2246 Inscriptio
739 2157 886 2243 hispana
902 2154 983 2219 hnic
997 2152 1152 2241 picturae
1165 2153 1327 2241 apposita

264 2260 345 2333 erat,
361 2262 396 2323 et
411 2258 515 2325 ctiam
545 2258 725 2345 inscriptio
749 2256 934 2331 marsicana,
964 2275 1053 2340 quae
1082 2252 1178 2339 juxta
1201 2254 1325 2335 voilia,

266 2360 304 2421 ut
314 2355 389 2443 ipse
401 2358 529 2425 Murioz
541 2360 676 2439 latetur,
692 2360 737 2444 (2)
749 2355 923 2443 antiquior
934 2360 1016 2421 erat.
1033 2354 1080 2419 Et
1091 2353 1227 2421 etiamsi
1238 2354 1328 2421 infra

265 2436 432 2544 picturam
448 2468 540 2529 esset
567 2462 743 2549 scriptum
787 2461 838 2526 “A
853 2458 1019 2525 devocion
1033 2456 1077 2525 de
1106 2456 1217 2545 Diego
1231 2456 1274 2527 de
1292 2458 1329 2527 la

266 2560 478 2651 Concepcion
493 2590 516 2654 y
532 2567 574 2635 de
603 2564 737 2651 Joscph
761 2563 885 2630 Ferrer
915 2566 982 2628 ario
1011 2560 1268 2640 de1653‚”hoc
1288 2568 1328 2630 ut

267 2667 437 2734 recentius
453 2669 604 2755 positum
620 2668 780 2735 habetur:
796 2670 900 2752 atque
931 2664 1079 2731 (larrillo
1092 2688 1116 2753 y
1130 2664 1237 2734 Perea
1251 2668 1327 2735 Pic-

267 2776 377 2837 turam
393 2772 517 2841 factam
533 2776 640 2843 fuisse
665 2773 774 2841 credit
788 2779 866 2841 ante
883 2796 1018 2839 annum.
1037 2774 1129 2839 1622.
1159 2776 1205 2859 (3)

308 2890 387 2957 Alia
416 2893 529 2961 adhuc
559 2896 674 2963 extitit
698 2896 734 2961 in
763 2892 1027 2981 Tepepaquensi
1057 2896 1187 2984 templo
1216 2898 1328 2987 pictu-

268 3014 314 3071 ra,
330 2996 582 3081 processionem
599 2997 849 3087 poenitentiom
866 3003 1139 3083 repraesentans,
1155 3021 1244 3085 quae
1259 3024 1328 3069 non

269 3098 335 3165 alia
350 3101 416 3167 erit
430 3102 497 3168 uisi
513 3102 583 3183 illa,
599 3126 668 3191 qua
684 3124 772 3169 anuo
788 3103 872 3169 1576
888 3100 932 3168 ad
945 3100 1059 3190 ipsum
1079 3101 1270 3193 Templum,
1287 3104 1328 3173 B.

309 3326 353 3403 (1)
395 3328 431 3387 V.
447 3327 602 3407 Carrilloy
631 3330 729 3401 Ptmz,
750 3326 848 3389 Pensil
865 3325 1053 3397 Americano,
1082 3340 1139 3389 etc.
1171 3331 1270 3395 Disert
1284 3352 1330 3397 so·

268 3429 319 3490 bre
333 3430 363 3489 la
378 3430 511 3493 Historia
540 3430 767 3507 Gondalupana,
797 3428 879 3487 num.
901 3446 958 3500 104
973 3428 1144 3490 -Cabrera
1170 3432 1329 3511 Quintero,

270 3524 392 3589 Escudc
406 3531 446 3590 de
460 3534 567 3589 Armes
582 3528 620 3589 de
637 3530 766 3598 Μέκίεο,
782 3526 834 3587 lib.
862 3546 890 3603 3,
906 3544 970 3602 cap.
997 3527 1099 3597 XVII,
1114 3530 1199 3593 urim
1218 3550 1284 3607 701,
1299 3547 1330 3597 et

267 3626 617 3703 sequentibus—Guridi
642 3628 773 3697 Alcoser‚
798 3625 949 3703 Apologia
969 3624 1009 3685 de
1026 3626 1055 3683 la
1070 3626 1242 3703 Apariciom
1260 3645 1328 3707 etc,

269 3744 331 3803 cap.
348 3726 414 3797 XV,
428 3728 443 3803 ἓ
458 3728 482 3799 I,
499 3726 549 3787 ubi
565 3728 604 3788 de
632 3725 847 3786 instrumentis.
878 3726 902 3787 Ii
926 3740 1063 3787 auctores
1074 3727 1114 3787 de
1135 3727 1193 3787 hac
1214 3728 1330 3807 pictura

269 3823 353 3901 quasi
368 3826 466 3886 adhuc
478 3845 532 3887 suo
545 3839 678 3904 tempore
689 3824 833 3887 existente
844 3824 1050 3886 testimonium
1061 3827 1330 3902 praebent-'lor-

268 3920 326 3990 nel,
339 3920 383 3979 La
397 3920 567 3997 Apuriciom
582 3934 648 3993 etc,
661 3934 733 3983 tom.
752 3923 775 3992 Ι,
791 3940 856 3999 rap.
871 3921 926 3992 IX,
942 3919 1025 3980 num.
1046 3939 1111 3993 141.

313 4018 357 4095 (a)
400 4016 546 4079 Memoria
560 4020 646 4081 sobre
660 4022 703 4081 las
718 4020 912 4099 Apariciones
926 4040 945 4099 y
958 4021 1041 4081 culto
1055 4022 1095 4083 de
1110 4021 1148 4083 N.
1164 4022 1277 4085 Seuera
1289 4026 1331 4087 de

270 4116 455 4193 Guadampe
474 4118 556 4175 num.
576 4134 622 4173 ar.

310 4212 355 4293 (3)
399 4210 461 4276 Ubi
476 4232 573 4291 supra.

1162 4313 1204 4383 11
