3625 5217
961 508 1025 576 242

465 700 595 767 quense
611 681 792 768 Templum
808 681 957 748 deducta
968 681 1035 748 fuit
1050 680 1310 759 solemnissime,
1323 682 1398 767 ipsa
1408 679 1530 747 absen-

465 784 610 851 tiatanti
631 783 787 850 thesauri
813 784 997 849 maximum
1024 784 1139 851 extitit
1167 783 1361 850 devotionis
1387 782 1530 849 incenti-

466 910 556 953 vum:
571 887 643 953 sive
658 886 857 975 Tepeyacac
872 886 1016 953 adibant
1045 886 1211 953 mexicani
1227 887 1368 965 incolae,
1393 886 1465 951 sive
1496 907 1525 949 e·

465 989 549 1056 tiam
564 991 600 1055 in
616 990 768 1078 propriis
783 990 944 1056 domibus
966 991 1140 1077 Imagines
1154 990 1250 1075 juxta
1281 988 1480 1077 orignalem
1496 988 1530 1055 I·

467 1093 634 1181 maginem
658 1116 781 1181 magna
802 1094 994 1160 reverentia
1018 1094 1222 1171 retinebant,
1250 1099 1285 1159 et
1315 1114 1428 1158 coram
1459 1092 1531 1157 illis

466 1204 651 1292 Deiparsm
667 1204 710 1270 de
726 1204 929 1292 Guadalupe
954 1205 1096 1271 fervidis
1112 1205 1273 1291 precibus
1299 1204 1531 1291 deprecaban-

466 1313 531 1376 tur,
577 1307 909 1396 lpse-Apparitionis
925 1308 1084 1373 inimicus
1098 1309 1122 1374 J
1124 1330 1252 1375 oannes
1267 1308 1428 1395 Baptista
1454 1307 1531 1373 Mu·

466 1412 539 1488 riez,
555 1415 739 1495 postquam
754 1410 860 1476 verba
874 1411 956 1477 lecit
972 1410 1013 1475 de
1029 1409 1302 1475 extraordinario
1326 1410 1431 1487 cultu,
1461 1430 1533 1495 qno

468 1512 743 1599 Guadalopensis
755 1513 871 1599 Virgo,
888 1513 970 1579 dum
990 1512 1169 1579 inundatio
1185 1512 1322 1580 duravit
1336 1512 1472 1591 Mexiei,
1496 1512 1533 1577 in

467 1617 553 1683 urbe
563 1615 630 1682 luit
645 1622 815 1692 venerata,
832 1617 866 1681 in
881 1618 1040 1702 officior-m
1055 1616 1138 1682 dicit
1153 1616 1227 1702 ejus
1243 1616 1409 1703 imagines
1424 1615 1533 1682 fuisse

468 1718 725 1807 multiplicatas:
756 1719 801 1805 (I)
818 1725 922 1807 atque
952 1720 1056 1785 etiam
1077 1724 1200 1786 asserit
1229 1720 1392 1785 continno
1415 1718 1534 1806 angeri

467 1822 601 1908 Templi
617 1820 767 1900 divitias,
785 1822 941 1887 indorum
958 1828 993 1888 et
1015 1822 1241 1909 hispanorum
1271 1822 1464 1889 devotione.
1484 1822 1532 1905 (2)

510 1928 567 1993 Ita
581 1925 625 1993 de
641 1926 700 1991 illo
716 1928 811 1992 cultu
822 1926 871 1992 ita
883 1927 1038 2013 loquitur
1054 1926 1216 1993 Gabrera:
1236 1929 1282 2009 (3)
1300 1928 1412 1993 “Eran
1424 1948 1469 2013 ya
1480 1947 1534 1992 es·

469 2034 524 2095 tos
539 2030 661 2109 cultos,
678 2051 746 2095 ann
761 2029 894 2095 orando
910 2053 947 2095 se
963 2030 1067 2095 habia
1092 2030 1252 2097 olvidado
1267 2032 1369 2119 aquel
1386 2030 1532 2115 trabajo,
1563 2024 1576 2041 ⁸

470 2162 568 2206 como
582 2141 617 2206 la
631 2140 754 2207 misma
768 2139 986 2221 inundacion,
1003 2140 1023 2207 6
1040 2164 1138 2207 como
1153 2148 1230 2209 otro
1252 2142 1389 2229 general
1400 2140 1534 2207 diluvio

470 2271 537 2333 que
553 2248 759 2336 despreodi6
775 2249 808 2315 el
831 2250 918 2315 cielo
934 2273 976 2316 en
991 2249 1136 2330 favores,
1148 2250 1324 2318 inundaba
1338 2252 1371 2318 el
1387 2251 1533 2318 Santon-

471 2352 533 2429 rio,
549 2351 693 2432 Me‘xioo,
710 2353 742 2418 el
758 2352 869 2419 Reino
894 2376 917 2440 y
934 2354 1057 2419 mucho
1073 2377 1146 2420 mas
1172 2377 1240 2441 que
1252 2354 1371 2421 Nneva
1383 2354 1532 2441 Espaira.

471 2454 724 2522 Sobreeroedia
738 2455 758 2521 t
774 2456 827 2522 los
842 2461 976 2522 montes
990 2480 1012 2543 y
1029 2479 1149 2535 mares,
1166 2456 1320 2543 pasando
1334 2479 1377 2523 en
1389 2456 1536 2523 noticias

470 2580 493 2644 y
508 2558 749 2624 veneraciones
763 2557 785 2623 a
799 2559 834 2623 la
846 2560 1006 2645 Europe'‘
1024 2565 1086 2626 etc.

514 2668 776 2735 administratio
787 2669 923 2756 Templi
938 2671 976 2735 B.
997 2671 1039 2735 M.
1057 2672 1095 2737 V.
1112 2672 1154 2738 ‹le
1185 2672 1388 2761 Guadalupe
1415 2671 1536 2737 adTe·

346 2795 350 2801 ·
471 2771 628 2860 peyacatl
653 2777 728 2837 erat
754 2795 859 2858 penes
883 2773 1031 2859 aliquem
1059 2774 1288 2854 Sacerdotem,
1313 2774 1535 2851 canonicato,

471 2875 632 2943 decorato
659 2876 693 2939 in
708 2876 864 2941 Ecclesia
875 2876 1154 2963 Metropolitana,
1170 2878 1253 2945 lieet
1268 2878 1371 2945 etiam
1387 2878 1457 2945 alio
1473 2878 1534 2945 Sa·

472 2978 603 3045 cerdoti
628 2978 752 3045 deinde
775 2978 880 3044 luerit
903 2984 1094 3061 commissa:
1110 2982 1200 3049 unde
1217 2987 1312 3069 potet
1321 2981 1534 3069 praedictum

471 3082 652 3169 Templum
672 3082 792 3168 majori
819 3083 948 3149 honore
965 3106 1046 3169 prae
1063 3084 1207 3154 caeteris
1223 3085 1376 3173 Templis
1394 3084 1534 3173 dignum

472 3194 757 3261 habitnmiuisse.
777 3196 823 3277 (4)

515 3302 593 3367 Non
603 3302 709 3367 semel
722 3306 878 3367 notatum
890 3306 944 3366 est
956 3300 997 3365 D.
1011 3300 1034 3365 J
1036 3320 1179 3365 oannem
1191 3298 1386 3386 Baptistsm
1399 3300 1534 3377 Marion,

472 3404 691 3493 apparitioni
720 3404 980 3491 Guadalupensi
1010 3402 1253 3481 adversorium,
1278 3403 1407 3469 cultum
1431 3404 1470 3468 B.
1488 3404 1534 3469 M.

473 3513 512 3578 V.
529 3512 572 3579 de
584 3512 789 3599 Gnadalupe
812 3518 976 3593 astruere,
993 3518 1028 3579 et
1039 3512 1201 3579 confiteri.
1231 3512 1366 3579 Asserit
1380 3536 1462 3601 ergo
1477 3514 1535 3580 ille

515 3689 559 3766 (ι)
603 3687 758 3748 Memoria
772 3690 860 3748 sobre
875 3688 919 3748 las
934 3688 1135 3767 Apariciones
1144 3711 1164 3770 y
1180 3689 1263 3750 culto
1278 3690 1315 3749 de
1342 3691 1380 3748 N.
1409 3690 1474 3751 Sra.
1500 3690 1536 3750 de

474 3788 656 3865 Guadalupe
671 3788 710 3847 de
726 3787 855 3862 Me'xico,
874 3788 963 3849 nbm.
981 3808 1025 3863 ²4·

515 3888 560 3964 (2)
604 3888 808 3947 Ib.num26.

516 3988 562 4065 (3)
592 3987 716 4050 Escudo
732 3988 769 4047 de
784 3990 894 4048 Armes
910 3988 948 4049 de
965 3988 1085 4049 Mexico
1100 3987 1151 4047 lib.
1168 4007 1196 4064 3,
1212 4006 1277 4067 cap.
1299 3990 1343 4061 18,
1360 4006 1450 4047 num.
1468 3990 1534 4063 718.

515 4088 562 4164 (4)
603 4089 748 4163 cabrera,
766 4089 887 4150 Escodo
901 4088 939 4147 de
954 4091 1065 4146 Armes
1080 4087 1118 4146 de
1134 4084 1264 4157 Mexico,
1280 4086 1331 4145 lib.
1349 4104 1377 4161 3,
1406 4106 1471 4165 cap.
1492 4088 1537 4157 18,

473 4206 561 4249 nom.
580 4188 858 4264 717.-Florencia‚
876 4186 1006 4255 Estrella
1017 4185 1067 4251 del
1084 4187 1181 4252 Norte
1195 4187 1234 4249 de
1258 4184 1387 4259 Mexico,
1402 4204 1469 4269 cap.
1487 4204 1535 4265 32,

475 4306 565 4351 num.
580 4287 642 4368 346
657 4298 763 4371 etseq.
