3625 5217
835 610 900 687 ael

343 791 475 863 notorie
489 790 595 861 verba
622 792 753 883 populo
768 789 917 859 inissent
932 786 1111 859 scandalo?
1153 785 1300 858 Videtur
1330 808 1413 877 ergo

343 900 395 968 illi
407 896 677 987 archiepiscopo
691 918 761 963 uon
775 900 870 964 certo
882 900 1040 963 mustene
1055 892 1099 961 de
1115 892 1350 983 Appetitione.
1363 894 1411 980 (1)

385 998 834 1090 Resp-Archipraesulem
849 1003 982 1067 secreto
1004 996 1169 1065 adversus
1196 998 1413 1065 concionato-

343 1130 416 1176 rem
430 1107 640 1195 processisse
664 1103 849 1192 prudentia
862 1102 1013 1169 ductum
1058 1101 1239 1171 Nemeum
1265 1100 1413 1171 miracu·

344 1212 416 1278 lum
431 1210 668 1301 Appsritionis
684 1229 889 1297 magnopere
904 1206 1065 1273 indorum
1081 1226 1190 1293 genus
1218 1209 1412 1288 honoraret,

343 1316 381 1377 et
401 1333 508 1399 supra
532 1310 699 1398 hispanos
724 1307 915 1387 extolleret,
942 1306 1110 1394 strepitus
1139 1305 1302 1397 publicus
1316 1326 1413 1374 exas-

263 1465 269 1488 i
344 1438 466 1504 perure
492 1416 665 1503 potuisset
689 1412 884 1481 invidorum
909 1414 1051 1495 animos,
1075 1418 1111 1482 et
1138 1412 1312 1482 difficilior
1335 1436 1412 1483 eva·

344 1520 448 1588 sisset
461 1518 620 1586 indorum
649 1518 815 1597 defensio,
839 1515 895 1584 oui
925 1517 1092 1585 charitate
1110 1519 1188 1601 acti,
1220 1520 1342 1588 sedulo
1357 1518 1411 1587 iu·

345 1623 552 1691 cumbebant
577 1627 612 1689 et
637 1620 804 1709 Episcopi
818 1625 855 1687 et
869 1619 1083 1688 Sacerdotes.
1098 1651 1102 1659 ·
1129 1622 1293 1691 Fortasse
1308 1622 1344 1690 in
1360 1622 1412 1711 ip-

343 1748 384 1793 so
397 1725 509 1813 Regio
522 1725 677 1793 Mexiceo
703 1722 895 1802 Auditorio,
912 1744 1026 1791 coram
1041 1745 1112 1810 quo
1141 1724 1412 1816 concionabatur

345 1829 382 1896 P.
398 1829 635 1909 Bustamaute,
650 1828 759 1916 aliqui
776 1826 929 1905 aderant.
945 1826 1074 1915 quibus
1089 1826 1183 1896 dictu
1197 1850 1219 1895 a
1233 1826 1411 1896 conciona-

345 1936 421 1999 tore
435 1932 649 2019 placuerunt,
665 1932 759 2019 quod
773 1930 853 1998 inde
870 1932 908 1997 fit
931 1929 1096 1997 credibile
1123 1930 1218 2017 quod
1233 1930 1412 1999 conciona-

345 2038 401 2101 tor
413 2034 627 2123 Pro-Regem
642 2039 678 2103 et
708 2032 927 2103 Auditcrium
943 2033 1090 2121 Regium
1122 2034 1281 2119 incitavit
1295 2041 1335 2103 ut
1349 2036 1412 2103 im·

345 2137 503 2224 peditent
517 2161 560 2205 ne
586 2138 842 2207 concionatores
857 2138 1023 2205 miracula
1038 2136 1277 2227 praedicarent
1291 2138 1412 2207 obten-

346 2246 383 2308 ta
396 2250 539 2332 propter
549 2246 799 2331 invocationem
813 2246 852 2312 Β.
866 2246 905 2313 Μ
925 2246 964 2313 V.
981 2244 1024 2312 de
1036 2244 1251 2332 Guudalupe‚
1267 2252 1303 2314 st
1317 2246 1412 2333 quod

212 2371 217 2378 ·
346 2345 554 2433 Capelianus
568 2344 758 2433 ProRegis
773 2352 809 2413 et
823 2345 998 2415 Auditorii
1026 2346 1136 2434 Regii,
1151 2344 1298 2434 juridice
1313 2369 1411 2415 voca·

347 2454 404 2515 tus
418 2454 458 2517 ut
471 2448 515 2517 da
530 2448 633 2515 dictis
647 2472 669 2515 a
683 2448 715 2513 Ρ.
727 2450 951 2517 Bustamsnte
961 2454 1158 2530 testaretur,
1174 2472 1211 2518 se
1228 2449 1272 2517 de
1287 2450 1332 2517 iis
1342 2472 1411 2519 uon

345 2552 548 2639 interrogari
556 2552 773 2639 supplicavit,
789 2554 952 2639 quonism
980 2554 1042 2619 Pro
1060 2554 1157 2643 Regis
1179 2559 1214 2623 et
1235 2552 1409 2627 auditorii

346 2655 546 2742 capellanus
560 2660 644 2734 erat,
660 2655 754 2741 quod
765 2678 834 2721 non
851 2656 917 2723 init
932 2658 985 2725 illi
1000 2676 1208 2726 concessum.
1244 2658 1338 2725 Hinc
1352 2679 1411 2747 ps·

345 2762 398 2823 tet
408 2757 624 2845 capellanum
640 2758 775 2845 aliquid
787 2760 943 2828 timuisse
953 2760 984 2827 si
1001 2768 1120 2829 contra
1135 2762 1167 2829 P.
1185 2762 1412 2831 Bustamante

346 2858 578 2926 testimonium
594 2859 703 2941 deret;
726 2866 846 2929 contra
875 2884 957 2930 vero
973 2864 1008 2931 P.
1039 2863 1266 2932 Bustamauta
1297 2884 1412 2931 coram

346 2962 525 3051 ProRege
547 2971 583 3032 et
597 2964 708 3052 Regio
726 2966 907 3033 auditorio
924 2968 1182 3035 concionantem
1198 2987 1235 3033 se
1267 2966 1413 3054 placitu·

346 3088 422 3133 rum
437 3074 474 3135 et
495 3068 645 3135 savorem
661 3069 863 3135 habiturum
878 3090 1045 3158 sperasse.
1092 3070 1188 3156 Quae
1204 3091 1281 3137 cum
1294 3069 1345 3138 ite
1359 3092 1412 3138 ce·

346 3176 433 3251 sent,
448 3170 544 3259 gravi
569 3171 794 3237 fundamento
806 3171 923 3238 timuit
940 3170 1183 3259 archipraesul
1198 3168 1411 3250 Mexicuuus,

346 3296 389 3339 ne
415 3274 539 3341 animis
550 3274 763 3362 exasperatis
777 3274 933 3361 judiciali
946 3272 1086 3362 publico
1102 3273 1261 3362 strepitu,
1279 3274 1413 3363 aliquid

345 3376 444 3445 fieret
459 3376 624 3444 adversus
638 3377 856 3445 devotionem
878 3384 915 3445 et
930 3377 1059 3444 cultum
1075 3378 1114 3444 B.
1142 3377 1189 3446 M.
1205 3378 1245 3446 V.
1259 3376 1303 3445 de
1319 3378 1412 3447 Gua-

346 3479 484 3568 dslupe,
500 3487 536 3548 et
551 3480 716 3547 adversus
728 3479 805 3567 pios
828 3480 1095 3561 concionatores,
1131 3488 1235 3568 atque
1249 3481 1353 3549 etiam
1370 3504 1413 3550 ne

347 3584 439 3651 indis
454 3584 615 3651 damnum
627 3586 782 3651 oriretur.
821 3584 1012 3652 Prudentia
1040 3605 1122 3673 ergo
1136 3585 1263 3658 ductus
1278 3588 1412 3657 secreto
1522 3638 1538 3671 .,

347 3686 518 3773 processit
541 3686 797 3774 Archipraesui

388 3803 437 3871 Et
451 3797 519 3866 uisi
534 3801 740 3889 prudentiae
755 3800 845 3869 ratio
859 3800 896 3867 id
923 3799 1144 3887 postulasset,
1160 3798 1242 3886 quis
1258 3798 1414 3869 madent

347 3906 445 3973 illum
462 3905 780 3993 Archiepiscopum,
804 3904 865 3991 qui
887 3903 1061 3972 Mexioum
1089 3902 1284 3984 dveniens,
1310 3901 1414 3971 devo·

347 4008 476 4076 tionem
491 4010 530 4075 B.
561 4007 608 4074 M.
625 4008 664 4074 V.
679 4006 722 4074 de
737 4007 943 4096 Guadslupe
959 4005 1348 4113 propagatsm,inveuit,
1377 4011 1415 4075 at

388 4198 435 4278 (1)
477 4197 644 4260 videantur
653 4198 728 4259 haec
739 4198 804 4257 fuse
818 4198 976 4274 explanata
986 4206 1016 4258 et
1027 4196 1180 4257 confutata
1193 4193 1225 4256 iu
1240 4196 1350 4275 Opere,
1364 4191 1414 4257 eui

348 4297 462 4373 titulus,
476 4300 569 4360 Senta
580 4295 679 4358 Maria
690 4296 731 4358 de
745 4294 926 4375 Guadalupe
954 4298 1084 4363 Patrona
1098 4294 1138 4369 de
1160 4294 1205 4363 los
1221 4290 1414 4379 Mexicauop

291 4436 296 4449 ·
345 4396 698 4481 §XVI,ni1ua477,et
719 4392 927 4484 sequentibus,
1408 4382 1411 4391 ¹
