3625 5217
821 556 864 623 27

313 734 352 795 ut
376 751 539 817 praesens
567 726 747 804 numerari,
778 724 997 791 Sacerdotem
1014 721 1217 787 auctoritate
1240 720 1374 807 praedi-

313 842 385 902 tum
402 840 523 923 postea
538 833 702 899 aditurus
747 831 940 897 Permansit
954 828 1004 893 ibi
1020 850 1128 913 usque
1144 826 1188 893 ad
1208 826 1374 893 decimam

314 938 432 1003 horem
449 936 661 1013 matutinam,
677 938 717 999 ut
732 932 874 997 Missam
891 928 1036 1007 audiret,
1052 936 1088 993 et
1102 929 1192 993 inter
1207 929 1376 995 assisten-

314 1048 365 1107 tes
380 1040 481 1105 indos
495 1040 739 1103 numeraretur.
779 1034 863 1100 Post
879 1034 965 1099 haee
981 1030 1118 1097 Domini
1133 1030 1299 1117 Episcopi
1315 1033 1376 1097 do·

315 1165 405 1209 mum
422 1141 537 1208 adivit
582 1140 632 1207 Ut
647 1140 729 1205 illue
745 1138 891 1216 advenit,
907 1159 1043 1203 omnem
1058 1134 1218 1201 adhibuit
1232 1134 1376 1223 diligen·

314 1250 396 1313 tiam
412 1250 451 1311 ut
461 1246 575 1331 ipsum
587 1243 701 1309 videre
714 1242 841 1320 liceret,
855 1240 949 1327 quod
960 1240 1058 1305 ratde
1067 1238 1249 1305 difficulter
1259 1244 1314 1307 est
1323 1262 1376 1305 as·

313 1354 459 1415 secutus
483 1347 665 1433 Ingressus
681 1344 724 1411 ad
739 1344 961 1431 Episcopum,
977 1342 1161 1430 genuflexit
1175 1364 1290 1408 eoram
1305 1344 1375 1424 illo,

314 1456 349 1517 et
363 1450 522 1537 ls'orymis
538 1446 707 1535 pertusus,
723 1444 819 1512 Coeli
835 1442 987 1529 Reginae
998 1442 1209 1509 voluntatem
1221 1465 1261 1509 as
1272 1443 1376 1509 verba

314 1553 493 1633 enarravit,
511 1558 549 1619 ut
569 1550 721 1637 Virginis
750 1550 893 1615 nuntius
916 1548 1120 1624 crederetur,
1146 1554 1250 1636 atque
1265 1550 1377 1638 ipsius

315 1657 464 1745 Virginis
479 1656 636 1721 voluntas
665 1652 920 1739 adimpleretur,
936 1658 972 1719 et
1000 1653 1165 1739 templum
1190 1654 1241 1719 ibi
1267 1660 1377 1721 strue·

314 1774 408 1835 retur
423 1767 484 1833 ubi
499 1766 576 1853 ipsa
589 1764 695 1851 Virgo
710 1762 850 1829 volebat
872 1768 907 1829 et
934 1764 1177 1851 praecipiebat
1221 1764 1377 1832 Antiates

314 1871 414 1959 plura
427 1870 595 1937 Joannem
610 1865 845 1953 interrogavit,
872 1872 976 1951 atque
991 1866 1177 1951 exquisivit
1206 1866 1250 1933 ab
1264 1890 1315 1947 eo,
1332 1866 1377 1935 ad

314 1972 572 2060 intelligendum
595 1971 736 2038 ubinam
761 1970 1003 2037 Beatissimam
1028 1970 1204 2058 Virginem
1233 1974 1376 2061 aspexit,

314 2083 349 2144 et
364 2082 499 2143 austera
513 2075 629 2141 omnis
657 2096 745 2161 quae
772 2074 942 2139 narrabat.
987 2076 1035 2141 Et
1049 2074 1131 2141 lieet
1154 2074 1307 2143 Josnnes
1321 2076 1379 2143 de.

315 2178 466 2257 claravit,
482 2174 652 2265 quidquid
668 2176 764 2256 vidit,
780 2182 816 2243 et
832 2176 1022 2243 admiratus
1037 2183 1100 2257 est,
1115 2178 1166 2245 ita
1180 2184 1220 2245 ut
1234 2201 1378 2267 appare·

314 2288 366 2349 ret
381 2302 456 2348 sam
472 2304 575 2369 quam
588 2278 682 2358 vidit,
699 2302 775 2346 esse
791 2301 927 2363 semper
940 2279 1126 2365 Virginem,
1137 2286 1174 2347 st
1188 2280 1378 2349 Salvatoris

315 2384 423 2451 nostri
437 2384 461 2451 J
462 2382 645 2451 esuohristi
659 2380 900 2449 Venerabilam
929 2382 1087 2461 Matrem,
1104 2388 1141 2449 at
1169 2383 1321 2450 nondum
1336 2406 1378 2450 ex

314 2492 370 2557 his
383 2496 423 2558 ut
438 2514 554 2559 rerum
569 2488 693 2559 habuit
717 2486 870 2553 Antistes
903 2511 992 2574 qnae
1012 2489 1165 2557 Josnnss
1190 2488 1376 2567 deferebat,

315 2594 469 2681 dixitque
484 2596 526 2674 si,
543 2617 579 2661 se
595 2616 663 2661 non
677 2587 1015 2677 illa'adimpleturum
1029 2590 1264 2658 tantummodo
1275 2615 1378 2679 prop·

316 2705 369 2765 ter
383 2697 524 2765 verbum
539 2696 662 2785 ipsius,
674 2694 809 2781 signum
821 2694 963 2779 aliquod
977 2694 1045 2759 sibi
1057 2716 1133 2761 esse
1148 2694 1378 2761 necessarium

314 2803 359 2869 sd
376 2800 581 2867 credendum
597 2796 691 2885 quod
705 2796 860 2880 reverafa
876 2796 973 2863 Coeli
988 2796 1121 2883 Regina
1135 2798 1262 2863 missus
1276 2804 1376 2864 esset

315 2906 365 2972 Ut
379 2905 464 2969 haee
479 2900 611 2967 audivit
625 2900 777 2967 Joannes
792 2900 955 2977 Didsous,
971 2898 1059 2964 dixit
1083 2898 1128 2965 ad
1155 2899 1378 2987 Episcopum:

314 3005 402 3073 Vide
418 3004 575 3081 Domine,
591 3000 685 3089 quod
701 3008 799 3090 potas
814 3002 962 3088 signum
974 3001 1068 3067 iilieo
1080 3000 1194 3089 ipsum
1207 3003 1378 3089 petiturus

315 3110 481 3197 Reginam
496 3106 592 3175 Coeli
608 3104 722 3185 adibo,
739 3126 827 3191 quas
842 3105 940 3171 misit
963 3128 1024 3173 ms.
1069 3104 1120 3172 Ut
1135 3104 1222 3171 vidit
1235 3105 1379 3185 Episco-

315 3242 381 3309 pus
394 3218 563 3285 Joannem
578 3220 648 3283 tam
663 3216 872 3283 confidenter
897 3218 983 3285 haee
1011 3217 1136 3297 diuers,
1165 3241 1228 3286 neo
1256 3220 1379 3285 ullate-

316 3344 380 3389 nus
395 3319 576 3397 haesitars,
592 3316 725 3389 dimisit
739 3318 849 3386 illum.
891 3320 1085 3388 Reoedeute
1102 3328 1217 3389 autem
1233 3323 1377 3403 Joanne,

315 3424 482 3511 quosdam
512 3420 673 3490 dedomo
698 3443 762 3487 sua
787 3422 854 3489 sibi
885 3422 1051 3509 probatos
1066 3425 1158 3491 riroo
1186 3424 1282 3492 misit
1309 3428 1379 3492 An·

316 3528 424 3606 tistes,
454 3525 515 3611 qui
542 3516 711 3591 Joannem
742 3529 977 3609 sequerentur,
1007 3530 1043 3591 et
1057 3524 1242 3613 diligenter
1269 3527 1379 3615 inspi-

316 3634 431 3695 cerent
445 3648 609 3714 quorsum
639 3630 744 3712 petat,
761 3648 862 3713 quem
889 3628 1013 3708 videat,
1029 3650 1178 3714 quocum
1206 3629 1376 3715 loquatur.

315 3732 372 3797 Ita
386 3731 513 3797 iactum
529 3734 590 3796 est
634 3727 787 3796 Joannss
813 3752 894 3815 ergo
911 3732 977 3797 iter
1001 3730 1159 3818 arripuit:
1174 3732 1235 3817 qui
1264 3740 1379 3799 autem

315 3836 412 3903 illum
427 3836 668 3923 sequebantur,
686 3858 763 3901 oum
778 3836 837 3903 ille
852 3838 1051 3924 Tepeyaoao
1062 3838 1209 3920 advenit,
1225 3840 1293 3926 jam
1310 3864 1379 3909 non

315 3940 475 4007 viderunt
489 3960 577 4019 sum,
607 3938 764 4024 quamvis
779 3939 871 4005 omni
887 3940 1045 4006 adhibita
1066 3939 1247 4029 diligentia
1275 3966 1379 4031 quas·

317 4042 448 4109 aierunt
461 4042 571 4109 illum:
600 4046 811 4129 quapropter
826 4042 925 4109 ualde
955 4043 1035 4109 irati
1064 4050 1145 4111 sunt
1173 4046 1311 4126 reversi,
1328 4054 1379 4114 at·

317 4169 383 4234 que
412 4145 570 4213 Antistiti
599 4149 786 4231 suggerunt
814 4168 856 4211 ne
870 4144 999 4211 «Ioanni
1026 4144 1129 4212 fidem
1158 4145 1296 4226 habsat;
1320 4148 1379 4215 de·

318 4256 489 4339 septorem
519 4246 632 4335 ipsum
648 4246 818 4327 dixerunt,
835 4247 895 4333 qui
926 4270 947 4313 a
961 4270 998 4314 se
1028 4248 1176 4326 inventa,
1200 4255 1262 4315 aut
1289 4271 1378 4335 quas
