3625 5217
780 544 843 613 223

292 720 413 787 inisset
428 719 551 797 delata,
568 718 714 783 incultas
729 716 819 785 iacta
833 718 899 785 init
924 714 1096 803 religiosis
1122 716 1161 782 B.
1192 714 1238 783 M.
1254 704 1292 783 V.
1310 717 1352 784 (16

292 822 449 889 Mercede
461 828 501 888 ut
513 822 549 887 in
560 822 723 887 honorem
740 820 779 886 B.
792 822 840 889 ut
852 821 892 889 V.
906 818 949 887 (16
962 818 1167 906 Gnadelupe
1183 818 1219 885 in
1234 820 1352 887 Altare

291 925 417 1010 majore
427 922 714 1009 Metropolitanus
724 922 910 1001 Ecclesiae,
933 920 994 987 ubi
1010 920 1115 987 Sacra
1141 920 1262 1007 Imago
1286 920 1352 989 fuit

292 1027 465 1103 collocata,
475 1025 618 1091 Missam
629 1024 829 1091 solemniter
838 1024 1061 1102 celebrarent,
1069 1026 1172 1109 atque
1184 1022 1287 1089 etiam
1298 1047 1352 1091 so·

291 1130 447 1197 lemniter
461 1129 632 1216 Vesperas
647 1128 825 1206 cantando,
841 1133 878 1194 et
892 1126 1053 1195 concione
1070 1124 1113 1191 ad
1129 1126 1294 1213 populum
1310 1127 1351 1194 il·

291 1234 358 1298 lam
368 1233 583 1299 honorarent.
594 1230 826 1310 ItaBoturini,
842 1234 887 1310 (l)
900 1230 961 1316 qui
974 1229 1097 1297 asserit
1109 1251 1145 1295 se
1156 1229 1198 1295 (16
1209 1230 1252 1297 iis
1263 1232 1353 1299 noti-

291 1337 373 1403 tiam
388 1335 455 1402 sibi
467 1334 656 1421 sumpsisse
668 1356 710 1399 ex
722 1333 971 1421 capitularibus
983 1331 1083 1399 libris
1099 1331 1208 1419 ipsius
1223 1334 1353 1402 Metro-

291 1440 462 1527 politanus
472 1437 656 1505 Eccleeiae.
688 1438 837 1504 cabrera
850 1436 1019 1521 Quintero
1047 1436 1094 1517 (2)
1107 1439 1235 1503 textum
1248 1437 1351 1525 hujus

291 1542 518 1609 concessionis
534 1539 683 1617 adducit,
693 1539 729 1605 iu
739 1562 808 1626 quo
827 1540 871 1606 (16
891 1538 1054 1621 concione
1070 1561 1137 1605 non
1154 1541 1281 1627 legitur
1296 1560 1351 1608 ex·

291 1668 407 1733 pressa
417 1645 602 1711 concessio:
614 1641 675 1710 sed
687 1643 753 1709 hoc
764 1642 970 1723 fortasse,e0
981 1641 1076 1728 quod
1092 1642 1135 1708 ad
1152 1648 1351 1712 concionan-

290 1749 370 1815 dum
382 1749 418 1815 in
432 1747 701 1835 Metropolitana
725 1746 882 1813 Ecclesia
902 1769 969 1813 non
982 1750 1056 1811 erat
1068 1748 1262 1816 neccssaria
1274 1768 1351 1817 oon·

290 1855 398 1921 cessio
408 1852 567 1941 specialis
577 1850 729 1939 Capituli
739 1854 849 1939 ipsius
858 1850 1045 1919 Ecclesiae:
1056 1850 1215 1919 Boturini
1227 1862 1349 1935 autem,

289 1960 340 2024 rir
351 1980 464 2024 rerum
478 1963 673 2023 nostrarum
696 1956 838 2043 peritus,
861 1978 1021 2041 expresse
1037 1960 1192 2047 loquitur
1213 1958 1256 2027 de
1272 1982 1351 2027 con·

290 2062 393 2128 cione.
407 2062 454 2127 Et
468 2084 596 2144 revera,
612 2063 690 2147 quis
702 2058 819 2126 credat
830 2058 866 2123 in
878 2058 949 2125 illis
965 2064 1130 2149 angustis,
1147 2068 1183 2131 et
1197 2063 1233 2129 in
1249 2063 1351 2131 devo·

290 2173 431 2251 tissime,
448 2180 551 2259 atque
567 2171 712 2238 solemni
728 2170 822 2237 cultu
837 2168 877 2235 Β.
891 2169 938 2235 Μ.
951 2170 989 2237 V.
1007 2169 1050 2237 de
1078 2158 1283 2258 Guadalupe
1307 2169 1350 2235 ad

289 2282 402 2343 mutos
416 2278 490 2363 ojus
500 2298 600 2363 opem
616 2272 866 2361 implorandam
882 2278 964 2340 tunc
990 2273 1157 2353 exhibito,
1188 2274 1352 2351 concione

291 2386 381 2446 tores
394 2378 638 2465 permansisse?
675 2378 757 2465 Ipse
772 2376 885 2443 cultus
900 2376 1185 2457 solemnissimus,
1202 2382 1237 2443 et
1248 2376 1350 2443 devo-

288 2482 441 2551 tissimus
463 2482 500 2547 in
514 2486 611 2547 tanta
626 2480 848 2547 tribulatione
864 2480 1045 2547 conciones
1062 2478 1260 2567 trequentes
1290 2478 1349 2547 de·

291 2592 465 2653 monstrat.

330 2711 382 2776 Ex
410 2708 557 2795 juridico
584 2731 747 2795 processu
777 2707 942 2773 adversus
969 2706 1005 2771 P.
1035 2707 1261 2772 Bustamante
1294 2705 1350 2791 (de

288 2840 357 2903 quo
373 2822 405 2885 in
421 2821 521 2887 solut.
545 2821 665 2907 objec.)
693 2843 782 2888 anno
809 2820 903 2899 1556,
921 2826 1056 2889 constat
1070 2821 1195 2887 Rmum
1211 2820 1350 2887 Montu-

287 2922 348 3001 iar,
372 2922 433 3008 qui
462 2922 528 2990 luit
553 2924 723 2990 secundus
743 2920 1035 3011 Archiepiecopus
1066 2923 1275 3002 Maricanus,
1306 2922 1350 2989 de

287 3025 426 3113 Virgine
449 3026 492 3091 de
507 3026 710 3113 Guadalups
727 3027 922 3094 concionari
937 3027 1008 3093 illis
1036 3026 1258 3115 temporibus.
1274 3026 1350 3093 Hu-

287 3128 341 3211 jus
356 3150 536 3215 processus
552 3128 791 3215 compendium
813 3128 962 3195 habetur
977 3128 1014 3195 in
1026 3152 1129 3217 opere
1145 3128 1200 3195 cui
1215 3128 1349 3206 titulae,

288 3230 390 3297 Scuta
396 3231 515 3296 ’Μανία
525 3232 563 3295 de
583 3231 779 3317 Guudulupc
792 3231 940 3297 Patrona
954 3231 992 3297 dc
1006 3232 1050 3298 los
1061 3231 1350 3311 maciomanum.

287 3333 360 3409 478,
375 3338 411 3398 et
432 3333 665 3418 sequentibus.
1037 3322 1042 3333 ’

329 3458 381 3523 Ex
410 3457 465 3523 his
495 3464 629 3525 constat
655 3459 929 3546 antiquissimam
960 3484 1035 3529 esse
1066 3463 1349 3531 consuetudinem

289 3560 509 3627 concionandi
524 3561 567 3628 de
582 3562 619 3626 Β.
634 3561 680 3627 Μ.
694 3561 733 3628 V.
747 3562 790 3627 (16
802 3562 1015 3652 Guadalupe.
1042 3566 1203 3633 Fortasse
1219 3566 1255 3632 in
1271 3568 1351 3635 obs·

288 3685 369 3727 curo
385 3663 608 3729 Archivorum
632 3665 700 3730 alia
728 3664 838 3733 latent
867 3667 910 3733 de
940 3669 1005 3734 hac
1021 3691 1057 3735 re
1073 3668 1216 3756 antiqua
1246 3667 1349 3736 docu-

288 3771 409 3844 menta,
420 3788 507 3851 quae
521 3767 585 3831 hac
596 3766 716 3833 eadem
726 3766 768 3833 de
782 3789 885 3836 causa
896 3770 1023 3838 adduci
1035 3794 1103 3839 non
1116 3778 1270 3859 possunt.
1287 3774 1349 3841 At·

286 3891 352 3959 que
366 3869 506 3957 insuper
520 3875 639 3936 notum
654 3875 708 3937 est
720 3869 821 3957 plura
835 3873 978 3961 antiqua
993 3894 1068 3943 esse
1085 3875 1210 3943 amissa
1233 3877 1277 3945 ad
1293 3900 1348 3945 res

286 3978 420 4039 nostras
443 3972 657 4061 pertinentia.
684 4032 688 4040 .

289 4112 417 4127 ῃ

326 4166 369 4239 (ι)
412 4167 559 4244 Cattlogo
573 4166 624 4226 del
640 4168 751 4228 Museo
764 4166 903 4241 Indiaue,
919 4172 934 4245 ἓ
947 4171 995 4246 36.
1009 4169 1092 4231 num.
1117 4190 1143 4249 5.

325 4264 369 4339 (2)
412 4262 583 4345 Emudojde
598 4265 706 4325 Armes
720 4265 760 4327 dc
776 4265 906 4340 Mexico,
922 4266 973 4329 lib.
990 4286 1016 4345 3,
1029 4287 1095 4345 cap.
1116 4272 1160 4347 18,
1175 4274 1258 4333 num.
1278 4290 1344 4349 7¹³·
